3126 5356
690 368 851 465 ''ii‘'

277 570 514 653 ernostum
539 568 593 637 sea
621 562 794 652 annuns
812 564 866 651 vet
892 561 977 632 nun
998 565 1079 636 naua
1100 586 1194 652 pauo
1209 569 1262 636 ae-
1343 533 1348 567 ²

173 694 176 701 ¹
276 696 369 760 sunt,
394 697 468 761 quae
494 676 651 742 universae
684 670 836 738 derebus
867 670 978 737 divinis
1007 668 1261 744 testiinonium
1355 747 1359 755 .

275 788 377 853 deesse
401 781 553 867 possunt3
574 779 617 846 sic
645 778 730 844 mant
749 779 780 844 in
803 778 841 844 iic
860 778 897 844 id·
908 780 1001 863 tnagis
1021 779 1103 864 egit,
1125 795 1160 849 ut
1176 801 1263 849 caus·

273 910 336 957 sam
362 888 569 961 christia
592 885 678 952 falsis
700 882 944 951 accusationibus
969 884 1151 969 vindicaret,
1169 905 1260 970 qoam

274 1013 311 1065 nt
334 996 472 1063 homines
503 995 541 1060 ad
563 1013 663 1060 ueram
698 992 756 1060 Dei
788 991 907 1078 colendi
938 992 1083 1059 rabonem
1119 993 1261 1059 madiret.

276 1104 426 1170 Praeterea
445 1120 514 1167 curn
531 1099 600 1165 iibri
620 1100 664 1164 illi
686 1098 934 1177 Lactantio,
963 1098 1177 1168 laurentiana
1191 1103 1277 1171 suas'.

275 1209 498 1290 conscribenti,
521 1207 658 1273 noudum
687 1203 857 1271 innotuisse
885 1205 1039 1275 videantur
1057 1209 1157 1294 (1),
1182 1208 1275 1289 hauri.
1362 1242 1364 1245 ·

274 1322 362 1402 scio,
383 1339 421 1389 an
449 1321 487 1385 ad
519 1318 635 1385 laudem
663 1317 729 1400 ejus
764 1316 1024 1387 comminuendam
1063 1316 1139 1383 nihil
1166 1312 1270 1384 facere

274 1427 409 1509 potuerit
436 1422 802 1509 Arnobii'dilig'entia.
1204 1498 1207 1505 ,

316 1533 435 1599 Deinde
463 1528 712 1600 Lactantius
737 1533 814 1614 alia,
846 1551 937 1614 quarn
958 1530 1123 1616 quiantea
1150 1533 1275 1600 Chri··

277 1639 330 1705 sti
348 1657 486 1707 caussam
510 1639 714 1705 vindicandam
740 1653 958 1720 susceperant,
979 1641 1011 1703 in
1035 1628 1273 1706 mente‘habuiu

263 1756 435 1830 ‘tempora
467 1764 601 1828 quorum
632 1746 813 1810 necessitati
848 1739 1080 1824 satisfacerem?
1109 1745 1180 1814 Huc
1204 1749 1273 1832 janu

274 1849 429 1931 pertinet,
459 1849 562 1932 quod,
588 1864 623 1915 ut
639 1848 730 1923 modo
752 1847 950 1931 monuimus,
967 1847 1154 1933 Religionem
1175 1852 1269 1919 Chri·

275 1961 398 2050 ananam
423 1958 461 2025 ab
487 1960 570 2025 otnni
593 1973 677 2042 parte
701 1960 776 2025 tueri
796 1959 910 2040 voluit,
931 1961 1019 2044 cujus
1044 1959 1089 2025 rei
1108 1959 1267 2041 perficien-

276 2068 330 2132 dae
359 2060 456 2139 otium
483 2068 616 2150 antiquis
646 2066 828 2151 Apologetis
854 2062 1001 2135 defuerat.
1041 2067 1202 2150 Secundo,
1232 2070 1265 2133 in

277 2174 387 2241 horum
418 2175 503 2241 libris
537 2178 624 2257 plura
664 2175 910 2256 reperiebantur,
940 2191 1017 2253 quae
1046 2189 1130 2237 nuuc
1163 2176 1268 2239 minus

276 2295 361 2345 erant
386 2282 561 2347 necessaria.
607 2281 683 2347 Non
709 2278 839 2359 amplius
864 2292 1005 2359 tanquam
1031 2280 1196 2344 acaussae
1213 2297 1267 2360 pa·

276 2385 373 2449 tronis
396 2385 553 2450 dicendum
574 2399 635 2450 erat
658 2402 717 2466 pro
745 2382 908 2451 Christi
936 2383 1151 2453 sectatoribus.
1178 2384 1267 2450 ·Non

274 2494 402 2575 emplius
419 2492 531 2559 civium
556 2493 598 2558 ἰίς
612 2491 800 2576 negabantur
813 2492 893 2576 jura·
935 2489 1032 2556 Immo
1047 2508 1123 2577 vero
1143 2509 1192 2557 res
1213 2510 1265 2558 eo·

274 2617 341 2664 runt
367 2598 489 2694 intuto
513 2599 739 2681 quodamnodo
764 2602 909 2666 collocata
941 2611 1016 2665 erat.
1064 2595 1147 2677 ¹Hoc
1168 2615 1266 2666 unum

274 2704 423 2785 restabat,
446 2718 481 2769 ut
506 2706 627 2773 civium'
640 2695 739 2789 oms,
774 2726 851 2788 quae
876 2702 1144 2787 superstitionibus
1175 2704 1264 2772 avitis
1342 2734 1347 2743 *

273 2810 371 2874 adhuc
404 2809 502 2873 dedita
539 2823 622 2890 etat,
655 2811 693 2874 ad
726 2810 896 2876 Christi
923 2828 1007 2874 sacra
1038 2809 1207 2877 flecteretur
1233 2826 1265 2877 et

222 2906 229 2914 ’
274 2914 500 2994 perduceretur.
544 2915 612 2999 Jam
645 2935 718 2982 vero
750 2913 1018 3014 Lacta‘ntium
1051 2913 1089 2978 ad
1122 2929 1265 2983 mutatam

274 3020 419 3103 temporis
439 3023 583 3088 rationem
607 3025 702 3092 libros
720 3044 795 3091 suos
811 3010 1099 3108 exigerevoluiss‘e,
1120 3038 1184 3086 non
1201 3036 1266 3087 tan·

273 3141 338 3193 turn
365 3147 401 3194 ex
436 3127 578 3194 universa
611 3149 717 3196 eorum
746 3130 845 3196 forma
874 3145 965 3210 atque
997 3129 1098 3194 indole
1119 3143 1263 3211 apparet,

273 3235 327 3298 sed
344 3218 474 3295 auctoris
491 3218 616 3308 quoque
632 3233 805 3297 testimonio
830 3244 961 3295 constat.
993 3231 1147 3312 Significat
1163 3233 1262 3312 enirn,
1355 3248 1358 3252 ·
1386 3227 1391 3240 “

272 3352 306 3397 se
329 3345 457 3414 putare,
480 3334 741 3401 Tertulliani
764 3335 1017 3424 Apolcgetiaum,
1038 3334 1177 3415 quamvis
1199 3338 1264 3407 lau·

270 3440 310 3505 de
332 3442 390 3510 rua
412 3457 476 3510 non
494 3440 613 3527 car'oet,
636 3441 754 3549 vstatui,
786 3444 819 3510 in
844 3460 908 3526 quo
938 3460 986 3508 res
1016 3441 1262 3515 Christianorum

896 3560 909 3575 ''
1202 3555 1263 3636 jam

273 3754 277 3761 ·
326 3719 511 3813 (onnon
533 3756 566 3799 ne
597 3743 685 3800 certos
718 3742 829 3814 qutun
856 3744 940 3820 tuso
967 3754 1101 3801 comunt.
1137 3741 1262 3803 sarum

108 3832 111 3839 '
166 3857 168 3862 ¹
264 3837 352 3895 dere
373 3838 439 3894 aiibi
461 3838 569 3895 dicendi
596 3843 648 3896 erit
668 3841 756 3897 locus.
793 3835 855 3910 ipse
887 3836 990 3895 irruo
1012 3853 1091 3916 coum
1115 3840 1262 3899 concilium

266 3951 283 3988 a
315 3948 464 3992 ceterorum
487 3937 608 3994 consiliis
636 3955 695 3995 ease
718 3937 873 4002 diversum,
899 3936 1034 4006 significat
1054 3932 1152 3993 Laii.
1167 3950 1209 3995 ⁸2.
1230 3956 1262 4008 p.

269 4042 335 4097 577·
355 4030 404 4087 obi
426 4032 525 4087 umba:
552 4046 666 4089 caussam
690 4028 784 4091 enam
814 4034 936 4089 istricatis
957 4034 989 4092 vi
1009 4033 1057 4091 rui
1081 4038 1135 4091 obn
1161 4050 1259 4097 cerem·
1353 4098 1356 4107 ,

265 4126 304 4183 cf.
325 4138 354 4180 et
374 4140 403 4184 c.
425 4142 506 4197 Μ).
529 4128 597 4200 591.

682 4202 966 4314 sba·
