3126 5356
215 560 221 598 ς
309 523 399 577 suam
429 508 629 595 opinionem
653 530 708 581 sex
734 515 859 617 millium
879 540 1027 593 annorum
1062 540 1196 603 numero-
1226 556 1302 624 post

308 617 594 691 orbemconditum
616 624 757 708 expleto,
786 626 986 701 humanarum
1006 656 1107 711 return
1132 656 1243 714 statum
1268 649 1319 716 in.

269 720 272 728 “
307 722 417 793 melios
449 740 599 796 mutatum
633 730 693 813 iri,
718 732 847 815 probare
877 739 1031 808 annititur.
1080 744 1172 816 Varia
1195 755 1303 821 deinde

312 832 464 900 enarmvit
488 836 592 914 mala,
633 838 805 916 quaesibi
836 858 1014 921 persuasum
1048 849 1196 938 babebat,
1232 856 1303 925 ante

312 939 362 1006 iila
388 939 760 1024 temporaRomanorum
783 945 942 1030 imperium
964 967 995 1017 et
1011 957 1184 1028 universum
1203 982 1301 1047 genus

308 1049 474 1116 humanum
488 1063 621 1117 manere.
651 1049 759 1119 Porro.
777 1055 1009 1140 Christum,
1036 1063 1090 1128 ubi
1112 1084 1302 1152 revertant,

295 1167 472 1231 -sectatorts
501 1172 600 1237 suos,
640 1175 705 1240 quo
730 1159 887 1243 publicum
922 1165 960 1231 de
990 1164 1026 1232 iis
1048 1169 1199 1252 iudicium
1231 1192 1303 1257 agn

305 1276 417 1344 tur,·e
438 1262 569 1331 mortuis
593 1265 835 1352 suscitaturum,
860 1271 1097 1357 adversariisque
1130 1283 1299 1364 superatis,

304 1386 362 1451 per
385 1366 466 1437 mille
490 1387 598 1436 annos·
622 1362 818 1456 regnaturum
846 1376 937 1445 dant·
978 1381 1132 1468 Quodne
1158 1386 1222 1453 sine
1246 1409 1302 1463 ata

306 1480 393 1544 etum
426 1476 617 1559 perhibuisse
640 1481 810 1564 videretur,
837 1496 868 1550 et
897 1486 1025 1557 aliorum
1053 1507 1085 1558 et
1098 1493 1301 1578 Virgilii,

307 1583 594 1668 quaeappellabat,
620 1586 756 1654 vaticinia
773 1588 910 1657 adduxit.
952 1593 1092 1678 Denique
1118 1601 1300 1682 contendit.

304 1708 375 1757 tum
400 1691 452 1755 isti
479 1693 562 1758 mille
581 1693 653 1761 anni
676 1698 858 1781 effluxerint,
896 1702 1072 1770 acerrimum
1103 1708 1205 1773 denuo
1225 1710 1304 1773 inter

303 1796 470 1864 Diabolum
508 1798 635 1880 ejusque
670 1787 837 1883 satellites,
874 1818 909 1901 et
939 1807 1119 1881 Christi
1137 1823 1302 1878 sectatores

304 1900 372 1969 fore
394 1915 567 1985 commen,
598 1904 682 1970 illum
709 1920 811 1972 autem
835 1927 860 1973 a.
888 1894 958 1976 Ded
983 1914 1174 1999 sublatum‚-
1191 1935 1300 2006 terram

295 2023 503 2092 renovatum,
533 2029 639 2081 omnes
672 2013 797 2081 omnino
829 2030 966 2084 mortuos
995 2022 1042 2091 in.
1058 2024 1147 2090 uitam
1179 2046 1301 2094 revoca·

304 2131 395 2199 tum,
424 2117 650 2201 superstitionis
685 2121 825 2205 mnquae
857 2143 963 2194 servos
996 2129 1197 2211 adacternas
1228 2150 1303 2217 poe*-

306 2242 361 2295 nas
387 2226 619 2295 condemnatum
647 2226 703 2310 iri,
728 2244 770 2311 xat
804 2232 873 2312 pios
898 2234 963 2300 veri
1002 2236 1061 2304 Dei
1090 2241 1223 2310 cultores
1238 2260 1300 2310 'ae-

305 2335 392 2405 terna
424 2331 564 2401 beatitate
599 2336 758 2418 gavisuros
794 2356 877 2410 esse.
927 2341 1119 2414 Postremum
1154 2348 1237 2416 hunc
1265 2350 1302 2415 li·

303 2439 422 2521 brom,
461 2443 600 2527 adeoque
632 2463 713 2529 opus
745 2445 921 2516 universum
955 2452 1104 2521 absolvit>
1127 2453 1300 2529 adhortatio

302 2562 425 2611 auctore
453 2549 646 2628 diguissima,
680 2554 742 2629 qua
772 2553 910 2617 homines
936 2557 1028 2618 exteri
1055 2558 1241 2640 excitamur,
1262 2573 1299 2631 ut

302 2649 477 2761 sapientiam
499 2670 572 2718 cum
590 2655 675 2720 sera
698 2651 1046 2739 religionesuscipiant.

344 3084 497 3171 Expositi
520 3083 619 3152 adhuc
643 3084 755 3154 horum
777 3086 926 3158 librorum
950 3090 1047 3174 serie,
1067 3093 1129 3177 jam
1152 3093 1226 3163 satis
1253 3095 1299 3160 iu-

304 3194 491 3279 redigimus,
518 3193 783 3265 Lactantium
811 3200 1004 3286 scriptionem
1030 3221 1135 3270 eorum
1157 3202 1199 3269 ita
1212 3202 1307 3269 insti-v

301 3303 420 3383 tuisse,
445 3316 487 3369 -nt
516 3304 651 3373 consilio·
688 3305 788 3390 ipsius
822 3310 958 3378 maxime
999 3308 1188 3378 converiret.
1239 3307 1300 3377 Sed

301 3428 384 3478 nunc
412 3413 631 3479 ostendendum
666 3428 736 3493 est,
766 3417 939 3498 scribendi,
968 3435 1059 3496 quam
1091 3417 1142 3481 ille
1175 3432 1299 3483 secutus

289 3522 374 3599 vest,
403 3516 548 3609 rationem
575 3517 752 3586 laudabilem
780 3539 848 3590 esse
870 3537 901 3590 et
923 3525 1135 3590 conclamata
1158 3538 1189 3591 et
1210 3523 1316 3604 faci.»

288 3628 397 3718 vlr‘tate
421 3642 453 3693 et
477 3625 699 3714 amplitudine.
737 3629 956 3698 Comlmltatr
979 3616 1112 3731 dicimus
1133 3644 1248 3714 partes·
1263 3632 1302 3701 lis
1364 3674 1370 3680 -

301 3736 427 3804 brorum
450 3735 528 3801 bene
553 3749 584 3801 et
610 3737 745 3806 ordinate
773 3739 812 3807 ab
840 3753 969 3815 auctore
1006 3738 1184 3806 distributas
1220 3759 1300 3808 esst.

303 3842 454 3914 Videlicet
482 3860 659 3927 argumenta
681 3846 791 3914 diversi
814 3846 931 3931 generis
967 3866 986 3914 a
1013 3865 1048 3914 se
1075 3845 1202 3914 invicem
1230 3849 1303 3929 ¹ple·

263 4019 266 4023 ,
304 3967 587 4036 rumque’accurate
605 3953 770 4040 disjunxitt
791 3971 822 4020 et
838 3955 971 4038 primum
990 3957 1113 4038 quidem
1132 3955 1299 4040 Religionis

304 4059 493 4130 Christianae
519 4051 726 4132 defensionem
749 4079 780 4133 et
806 4064 1049 4140 destruentium
1074 4063 1297 4134 refutationem.

1199 4172 1299 4254 Quam

1342 2526 1345 2535 t

1327 3392 1332 3407 Ι

1532 2050 1537 2349 t

1347 2368 1536 2609 ’1

1262 2894 1265 2901 s

1530 3080 1535 3331 l

1295 4660 1300 4666 ⁸
1324 4663 1335 4672 s
