3092 5350
632 342 796 442 -7'9.³

225 543 320 610 tntnto
346 532 460 626 peceati
484 525 750 626 subjacet,'fastia
784 552 912 636 nempe,
934 536 1020 609 <ictis
1046 556 1077 612 et
1104 546 1219 634 cogita.

225 650 360 720 tionibus
383 651 498 732 (ιλ,

268 762 353 826 treus
383 773 507 839 autem,
546 770 582 825 ut
606 756 638 821 in
665 755 829 822 enaumdt
856 754 1065 824 Lactantii
1103 778 1223 830 semp.
1280 816 1296 839 ,

226 867 266 934 tia
291 878 474 950 pergamus,
503 862 735 944 commueret,
770 865 881 946 impios
909 865 1044 932 Deorum
1066 870 1168 936 cruitur
1192 877 1225 936 ei

225 976 337 1043 seelera
372 988 429 1056 per
452 970 559 1038 orbem
593 978 738 1035 serratum
766 968 814 1035 ita.
840 968 1024 1053 invaluisse,
1064 981 1099 1039 ut
1127 966 1226 1058 ipsius

227 1094 339 1150 nomeu
362 1100 398 1148 ex
424 1079 569 1145 memoria
588 1078 749 1142 hominum
774 1090 853 1157 pene
877 1077 1030 1145 sublatum
1058 1094 1162 1161 esset,
1189 1080 1232 1147 fic
1272 1094 1276 1103 ²

225 1192 298 1257 tium
332 1204 446 1270 suum,
481 1184 649 1269 principem
680 1185 883 1266 angelorum,
922 1184 1020 1251 v‘oluit
1046 1185 1161 1253 homini
1188 1190 1233 1255 tis

226 1297 325 1365 miiem
350 1288 439 1375 fiori,
470 1283 604 1373 eumque
630 1290 743 1375 legarit
770 1292 809 1357 ad
826 1291 985 1374 homines,
1018 1308 1053 1361 ut
1077 1297 1233 1364 merrtiitun

228 1424 334 1471 eorum
362 1418 380 1468 a
403 1393 530 1468 stultitia
570 1400 609 1466 ad
633 1399 830 1483 sapientiam,
861 1398 900 1467 ab
928 1400 1084 1483 iniquitate
1109 1406 1147 1470 ad
1169 1408 1231 1474 tin

180 1510 324 1592 'tutem
355 1508 516 1599 avocatis,
550 1494 604 1575 eos
635 1509 674 1575 ad
703 1510 950 1593 cognoscendum
981 1520 1087 1575 versum
1123 1494 1230 1577 'Deum

228 1618 404 1684 adduceret.
445 1616 654 1684 Veruntamen
686 1631 757 1684 eom
783 1635 848 1683 non
876 1616 957 1683 misit
983 1615 1015 1680 in
1040 1615 1153 1682 virtute
1178 1636 1234 1683 an·

228 1726 287 1810 geli
309 1740 363 1791 aut
393 1736 544 1809 potestate
576 1724 721 1807 coelesti,
762 1727 818 1791 sed
846 1724 877 1789 in
908 1711 1007 1808 iiguri
1039 1721 1171 1788 hominis
1200 1729 1234 1790 ei·

227 1832 400 1899 conditione
426 1831 569 1914 mortali,
600 1851 636 1903 ut
662 1835 829 1901 traderetur
853 1828 885 1897 in
911 1822 1018 1898 manos
1045 1828 1231 1913 impiorum,

135 1972 138 1977 ·
227 1950 418 2021 mortemque
435 1941 602 2022 susciperet
623 1938 730 2025 (a).,
749 1930 851 2005 Multa
862 1939 924 2023 jam
939 1951 1011 2004 ante
1034 1941 1136 2006 secula
1155 1941 1231 2006 haee
1343 1998 1349 2003 ,
1387 2026 1394 2033 .

227 2047 328 2113 omnia
353 2045 455 2115 futura
485 2066 575 2129 esse,
606 2044 746 2116 istaiiitis
761 2050 794 2123 v(
806 2049 870 2130 3),
900 2045 955 2127 (iui
981 2048 1079 2127 legem·
1099 2045 1231 2111 divinant

229 2166 285 2231 ptr
320 2152 475 2219 Mosen·
500 2164 698 2235 acceperant,
736 2151 880 2218 diuinitus
915 2148 1125 2216 annuntiatum
1154 2160 1232 2225 erut,

144 2250 146 2255 ’
231 2254 296 2340 Qui
322 2256 379 2321 etsi
411 2275 429 2321 a
461 2257 527 2340 iege
559 2254 660 2323 divini
684 2254 924 2333 aberravissent,
960 2268 1060 2336 nsque
1086 2250 1231 2320 admoniti

230 2370 288 2450 per
312 2362 476 2444 prophetas
509 2360 547 2428 ati
573 2354 672 2431 Deum
698 2361 808 2430 reverti
833 2361 967 2440 velient,
995 2362 1080 2428 Deus
1106 2365 1232 2443 tamen,

233 2468 351 2551 quippe
378 2469 513 2537 clemens
537 2485 568 2536 et
585 2468 656 2554 pius
682 2491 751 2555 erga
770 2490 867 2553 suos,
890 2471 985 2538 flium
1003 2486 1092 2536 suunt
1116 2468 1157 2534 ad
1174 2486 1233 2537 eos
1317 2475 1322 2489 '

230 2574 333 2654 misit,
365 2582 401 2640 ut
426 2575 510 2640 daret
534 2576 571 2641 iis
598 2574 721 2660 liberam
749 2574 920 2642 facultatem
944 2575 1091 2658 sequendi
1116 2579 1230 2647 neon,

230 2682 291 2748 Sed
315 2681 414 2747 noiuit
443 2701 512 2748 eum
539 2683 656 2748 mittere
679 2680 803 2747 coelesti
830 2686 983 2766 majestate
1007 2678 1232 2766 conspicuum,

231 2796 266 2853 ιιι
290 2787 394 2869 Judaei
421 2787 615 2869 ignorantes,
646 2789 726 2853 duos
756 2789 822 2871 ejus
854 2791 1001 2857 adrentus
1028 2803 1046 2854 a
1069 2793 1232 2870 prophetis

233 2910 301 2961 esse
332 2895 524 2978 praedictos,
564 2894 596 2959 in
625 2907 761 2973 errorem
791 2892 956 2961 martimum
990 2893 1229 2978 inducerentur,

1195 3014 1234 3072 at‘
1329 3026 1331 3031 .

286 3133 305 3205 (
316 3132 354 3200 ι)
380 3127 417 3192 Ι..
437 3128 490 3192 νΙ·.
507 3148 549 3203 ¹3·
570 3132 625 3189 alta
646 3132 720 3189 lo‘ea·
757 3131 865 3191 nactos
884 3135 968 3198 igitur
991 3135 1121 3191 humanae
1146 3139 1236 3206 pravo

230 3230 295 3285 tatis
318 3242 427 3285 cossam
449 3231 481 3282 in
503 3229 744 3297 conporemaxtme
766 3228 858 3295 posuit
874 3229 910 3281 of.
923 3228 963 3283 11.
976 3228 1033 3285 ta,
1044 3240 1074 3298 p.
1091 3242 1158 3299 απ.
1172 3237 1237 3301 sqq'.

292 3321 360 3399 (a)
387 3323 425 3385 L·
447 3320 499 3382 IV.
524 3336 576 3392 ιο,
606 3337 659 3392 ιι,
687 3338 733 3394 14.

288 3415 356 3495 (3)
385 3423 609 3478 Lse'tsntius
637 3436 684 3477 eos
706 3419 825 3491 appellat
848 3411 986 3495 Judaeos,
1001 3419 1054 3477 hoe
1075 3430 1173 3491 nempe
1196 3424 1228 3478 in
1290 3464 1296 3485 ,,

234 3524 321 3573 errore
345 3530 470 3586 versans,
496 3519 545 3589 qui
565 3534 629 3574 cum
651 3514 754 3573 Mose
776 3504 811 3572 er't
829 3512 956 3587 Aegypto
971 3516 1071 3585 egressi
1085 3517 1116 3571 in·
1129 3510 1239 3573 deserto

232 3609 350 3668 Arabiae
373 3624 618 3680 commorerentur,
643 3627 693 3682 pro
713 3612 801 3667 oeten
827 3604 1013 3668 Hebraeorum
1026 3616 1151 3681 nomine,
1169 3628 1238 3685 quo·

222 3707 320 3764 niam*
335 3710 460 3780 priseeps
481 3688 622 3765 ¹estaminia
643 3722 738 3765 eorum
753 3702 867 3783 Judss
890 3716 980 3775 esset,
1005 3724 1102 3764 nomeu
1124 3702 1239 3783 Judaeu-

236 3822 294 3862 rum
319 3811 465 3887 aceepisse.
507 3807 577 3865 Satis
606 3825 670 3866 vero
695 3819 818 3874 constat,
845 3808 912 3862 nanc
935 3793 1149 3877 appeliationem
1165 3810 1240 3887 genti

238 3898 345 3964 demum
383 3908 473 3964 dataro
505 3916 584 3975 este,
616 3888 759 3978 postquam
791 3916 826 3960 ex
864 3904 1022 3972 captivitate
1051 3898 1241 3974 Babylonica,

239 4004 309 4061 duce
327 4004 441 4061 maxime
464 4005 539 4059 tribu
560 4002 673 4077 Iudae
690 4005 719 4058 in
741 4000 919 4060 Palaestinam
934 4001 1071 4058 rediisset.
1107 4001 1163 4059 Seri
1176 3989 1238 4073 piu·

231 4117 265 4168 ra
295 4104 360 4159 falsas·
390 4101 421 4158 h.
447 4101 468 4157 l.
490 4116 585 4157 auctor
618 4092 681 4161 eom
703 4104 775 4157 veris
804 4099 982 4163 commiscet,
1008 4117 1023 4153 e
1056 4116 1098 4169 gr.
1122 4096 1240 4176 Judaeos

234 4191 298 4257 ioris
314 4216 329 4257 rr
345 4196 439 4269 Cyri
459 4212 578 4272 ternpore
594 4214 679 4270 reapse
696 4198 734 4257 ari
747 4192 932 4260 Herodem
942 4196 1086 4256 ratramnus
1102 4200 1236 4259 babuisse.
