3092 5350
725 340 829 440 ..¹80
850 344 892 387 .:

312 543 346 590 rr
367 539 481 607 poenas
505 538 563 604 pro
583 517 768 587 facinoribus
795 517 859 587 suis
886 520 1023 602 luerent,
1051 540 1121 590 cum
1148 522 1304 591 dominum

310 650 344 696 ac
365 631 463 696 Deum
485 649 577 697 suum
601 629 807 713 repudiassent
831 627 916 712 (1).
954 620 1163 713 Venit'igitur
1188 633 1245 699 Ch
1258 633 1305 716 ri·

311 753 425 819 stus,
455 738 547 809 Deus
567 753 597 801 et
615 736 730 817 homo,
762 755 807 815 eu⁴
825 747 955 831 utroque
981 755 1089 820 genere
1116 738 1303 819 permistus,

312 863 351 909 ne
371 831 409 912 'si'
434 844 520 910 Deus
546 857 662 908 tantum
689 844 819 926 fuisset,
860 846 994 927 exempla
1024 844 1144 914 virtutis
1176 845 1305 912 homini·

312 950 372 1017 bus
405 948 545 1033 praebere
573 963 636 1010 non
661 934 795 1029 posset,
810 1004 813 1015 .
827 963 879 1015 aut
906 949 934 1016 si
962 951 1056 1018 homo
1087 966 1203 1029 tanturn
1230 950 1318 1029 fuis,

312 1052 586 1144 set,1auctoritrte
613 1065 644 1118 et
668 1053 780 1121 virtute
803 1070 934 1136 careret,
965 1057 1027 1137 qua
1052 1057 1190 1124 homines
1215 1078 1309 1142 coge·

312 1173 359 1229 ret
380 1160 419 1224 ad
446 1159 592 1243 justitiam
620 1162 708 1251 (ι).
749 1164 866 1230 Docuit
903 1165 1004 1246 itaque
1031 1164 1170 1229 homines
1196 1164 1311 1245 justiti·

312 1287 384 1347 am,
419 1264 541 1332 virtutis
571 1267 609 1334 iis
642 1283 673 1334 et
706 1272 842 1353 exempla
877 1286 907 1336 et
933 1271 1122 1337 incitamenta
1153 1268 1311 1352 praebuit,
1416 1280 1421 1303 ¹

313 1374 455 1440 miracula
483 1393 574 1455 quant
606 1376 734 1457 plurima
766 1378 883 1458 edidit,
923 1378 1019 1461 legem
1055 1376 1114 1467 Dei
1141 1394 1184 1441 ex.
1209 1376 1309 1461 divini

313 1481 469 1547 voluntate
493 1479 609 1561 solvit,
639 1497 670 1547 et
691 1502 791 1549 veram
818 1481 991 1567 religionem
1018 1483 1178 1568 aJudaeis
1204 1483 1241 1547 ad
1262 1501 1315 1547 ex·

314 1600 402 1663 teras
419 1598 522 1670 gentes
555 1588 707 1655 transtulit
736 1590 754 1664 (
765 1591 824 1681 3).
867 1590 927 1656 Sed
955 1590 1144 1657 acerbissima
1175 1608 1315 1672 quaeque

315 1694 392 1759 mala
417 1692 463 1756 his
488 1693 630 1760 interris
655 1694 785 1778 subiit3.
801 1717 871 1764 curn
897 1700 926 1766 si
961 1699 1153 1765 beatissimus
1182 1695 1313 1774 fuisset,

314 1814 404 1860 nemo
428 1795 547 1887 sapiens
573 1798 656 1861 illum
684 1814 738 1862 aut
762 1802 864 1867 Deum
887 1805 1085 1883 credidisset,
1117 1817 1169 1869 aut
1198 1803 1315 1868 honore
1421 1866 1424 1875 k

316 1900 419 1966 divino
451 1900 576 1983 dignum
599 1900 775 1984 judicasset.
814 1904 1000 1986 Judaeorutn
1025 1908 1141 1973 scilicet
1166 1908 1313 1988 primores

317 2024 348 2075 et
383 2009 553 2089 sacerdotes
588 2009 633 2079 ird
656 2010 891 2090 consummati,
930 2013 1042 2080 invidia
1071 2014 1246 2095 depravati,
1268 2024 1312 2087 ,et

318 2119 429 2201 (quod
451 2133 543 2215 caput
567 2120 687 2185 sceleris
714 2138 820 2186 eorum
851 2121 966 2204 erat),
995 2119 1134 2190 stultitia
1150 2133 1181 2186 et
1209 2138 1312 2187 errore

296 2227 457 2317 enecati,
492 2226 650 2295 consilium
686 2226 761 2310 ejus¹
780 2225 976 2293 interficiendi
1001 2226 1156 2308 inierunt,
1185 2245 1316 2308 eumque

320 2336 420 2402 crucis
448 2333 599 2417 supplicio
632 2330 800 2398 affecerunt
829 2332 919 2415 (4).
962 2332 1018 2398 Uti
1053 2348 1154 2400 autem
1195 2333 1317 2412 omnia,

321 2430 400 2525 quae
423 2443 473 2508 ille
492 2441 564 2507 fecit
586 2453 617 2505 et
637 2453 840 2520 passusest,
866 2437 993 2522 figuram
1018 2438 1190 2507 habuerunt
1208 2455 1238 2505 et
1256 2459 1318 2503 ma·

255 2632 258 2641 ,
320 2567 410 2629 gnam
431 2545 699 2627 significationem,
729 2544 770 2604 ita
795 2559 894 2604 morte
918 2543 1062 2606 multatus
1087 2559 1154 2623 est,
1186 2560 1224 2625 ut
1244 2562 1318 2609 con·
1388 2538 1397 2547 ’

320 2649 460 2723 stantiae
482 2661 513 2712 et
541 2644 708 2737 patientiae*
726 2644 883 2725 praeberet
911 2647 1104 2744 exemplum,
1140 2663 1172 2715 et
1202 2648 1317 2714 inferos

212 2776 214 2781 ’
271 2793 278 2809 1
321 2774 447 2840 quoque
472 2755 613 2841 vinceret·
634 2770 668 2817 ac
698 2751 884 2835 resignaret,
915 2767 945 2817 et
969 2766 1067 2819 morte
1093 2774 1148 2836 per
1175 2754 1318 2821 virtutem

323 2866 457 2948 domita,
482 2877 672 2946 resurgeret,
702 2862 865 2944 generique
888 2862 1020 2929 humano
1044 2881 1137 2953 spem
1155 2861 1318 2929 vincendae

322 2974 428 3041 mortis
456 2987 486 3037 et
515 2968 743 3034 immortalitatis
765 2968 886 3034 afferret
910 2969 995 3051 (5).
1037 2967 1110 3033 Nisi
1135 2970 1214 3034 enim
1237 2988 1318 3032 mor·

323 3098 397 3148 tuns
418 3096 499 3147 esset
531 3078 638 3161 aperiri
664 3092 896 3156 testamentum,
920 3075 948 3145 i.
977 3095 1007 3141 e.
1030 3074 1153 3142 revelari
1181 3094 1211 3141 et
1231 3074 1319 3140 intel·

231 3234 235 3251 ·
323 3190 376 3275 ilgi
402 3183 592 3283 mysterium
607 3186 665 3255 Dei
686 3205 749 3253 non
773 3183 936 3279 potuisset.
981 3184 1042 3251 Sed
1066 3196 1161 3253 morte
1184 3194 1241 3268 pro
1261 3184 1320 3249 lto*

1130 3316 1134 3323 ¹
1231 3309 1321 3357 *mr-

380 3462 671 3538 (.1)L.1V.to,
700 3472 757 3535 ιι,
784 3462 832 3519 tt.

382 3561 451 3639 (r)
467 3544 510 3620 ¹L.
532 3560 584 3619 lv.
610 3576 661 3631 13,
689 3575 814 3629 23-25.

382 3656 453 3737 (3)
478 3663 513 3715 L.
534 3659 584 3716 lv.
608 3673 663 3726 tr,
689 3671 741 3726 tr,
768 3674 822 3727 13,
848 3671 903 3729 ts,
928 3675 981 3731 ιγ,
1005 3676 1057 3728 25·
1081 3662 1127 3717 26.
1140 3661 1215 3717 Dicit
1230 3674 1324 3719 ructor

327 3748 662 3822 Christumtinctum
685 3758 768 3813 fuisse
790 3759 824 3813 ab
840 3754 1000 3834 Joanne,
1019 3752 1199 3825 nonut'sua,
1225 3757 1324 3813 redut

314 3862 432 3925 .camis,
459 3871 539 3928 quarn
561 3856 688 3924 gerebat,
713 3871 823 3925 peccata
847 3857 985 3923 ablueret,
1011 3869 1038 3910 et
1061 3844 1185 3924 spiritum
1205 3854 1256 3928 Dei
1271 3858 1325 3915 tor·

327 3972 428 4015 matum
451 3953 619 4022 inspeciem
642 3953 782 4009 columbae
809 3953 939 4012 candidae
964 3969 1044 4026 super
1068 3968 1130 4009 eum
1146 3954 1324 4010 descendisse.

384 4054 453 4123 (4)
478 4055 515 4109 L.
538 4049 590 4109 tlt.
612 4049 656 4110 16.
677 4071 739 4124 sqq.

221 4134 225 4142 ⁴
334 4202 337 4211 .
388 4148 454 4216 (⁵)
482 4147 518 4208 Ι..-
540 4145 593 4208 lv.
619 4163 669 4216 ιο,
693 4161 747 4218 re,
773 4159 824 4234 19,
849 4151 898 4209 ιδ.
