3126 5356
667 394 837 470 ’.37-

244 589 291 645 se.
342 567 637 644 alamoinorum
673 566 760 633 milri
786 584 851 634 non
882 564 952 643 esse
985 566 1134 649 videtur,
1176 569 1251 651 qum

245 677 423 746 Homeri
448 690 479 744 et
513 670 688 743 Hesiodi
720 673 872 754 carmirra,
911 672 1025 754 scripta
1055 673 1159 740 itidem
1184 676 1253 742 Or·

112 836 119 847 .
243 786 373 869 phe'o,
404 781 589 853 Hermeti
612 781 812 867 Trismegisto
838 796 870 845 et
898 779 1025 861 ol'bylle's
1045 781 1162 863 afficta,
1194 778 1253 849 nec

245 910 316 960 noar
333 911 392 974 ea,
424 909 502 972 noae
531 888 750 957 Hierocles
781 890 924 955 adversus
947 888 1135 972 Religionem
1163 888 1254 956 Chri·

245 996 590 1088 saianamvsrtipsisset,
623 1010 734 1064 auctor
768 997 867 1066 oculis
896 993 1073 1078 inspexerit.
1126 994 1254 1063 Latinos

246 1108 335 1190 quod
365 1104 494 1185 attinet,
540 1104 752 1186 Varrone,
791 1104 1027 1185 Cicerone,
1065 1103 1252 1186 Nepote,

246 1211 398 1294 Livio,
439 1208 679 1295 Sallustio,
708 1194 897 1291 Seneca,
927 1202 1253 1297 Quinctilian'o,

213 1308 229 1361 '¹
246 1318 427 1387 Domitio
451 1333 527 1382 usus
553 1328 623 1396 est,
662 1331 806 1382 necnon
832 1315 933 1399 poitis
958 1315 1154 1395 Lucilio,
1181 1316 1255 1383 Lo·

246 1421 602 1506 cretio‚.Plauto‚
633 1422 861 1505 Terentio,
893 1423 1102 1508 Virgilio,
1130 1424 1255 1493 Hora·

249 1531 333 1612 tio,
367 1528 833 1612 Ovidio„Propertio,
885 1527 1064 1597 Caesare
1118 1529 1255 1597 Germa-

249 1642 336 1718 alae,
360 1634 526 1717 Persio,
556 1636 753 1718 Lucano,
777 1635 986 1721 Juvenali.
1027 1634 1129 1703 Latini
1155 1635 1254 1702 multo

245 1743 437 1826 neqtenam
455 1742 557 1810 abeo
569 1745 687 1822 excitati
712 1762 788 1812 sunt
810 1764 900 1825 qnam
929 1743 1062 1827 Graeci,
1083 1745 1148 1810 sive
1167 1743 1253 1825 quod

246 1855 358 1918 eornm
385 1850 513 1918 lectione
538 1851 717 1919 instructior
742 1865 828 1932 erat,
848 1869 904 1918 seu
921 1850 1006 1932 quod
1031 1852 1071 1917 td
1093 1850 1252 1918 Romanos

117 2026 121 2045 ,
209 1947 415 2027 ’.Μίδεω
456 1956 575 2043 Scripta
607 1974 707 2028 antem
743 1959 994 2041 Ciceronis,
1032 1976 1110 2042 quac
1142 1959 1250 2026 ceteris

245 2069 391 2136 omnibns
406 2068 499 2154 longe
518 2069 743 2153 praeponebat,
765 2083 796 2135 et
814 2069 921 2136 diurna
935 2075 1146 2150 nocturnaque
1159 2085 1251 2134 manu

249 2181 410 2262 versabat,
438 2168 498 2257 ipsi
522 2189 584 2241 tarn
615 2173 775 2240 familiaria
795 2174 941 2247 fuerunt,
970 2171 1096 2254 noejus
1120 2170 1153 2233 in
1180 2186 1250 2235 suc·

250 2300 320 2348 cum
348 2298 380 2349 et
404 2279 581 2362 sangninem
607 2266 754 2345 conversa
779 2295 847 2343 esse
872 2276 1044 2344 viderentur
1071 2283 1088 2358 (
1124 2278 1156 2357 ).

315 2387 374 2454 His
400 2388 492 2470 igitur
517 2370 602 2450 libris
626 2384 878 2453 Lactantius
910 2404 996 2452 suam
1020 2384 1125 2451 debuit
1148 2382 1249 2466 philo-
1283 2462 1292 2477 „
1334 2418 1341 2423 -

249 2493 376 2577 sophiae
404 2492 551 2574 antiquae
577 2493 802 2575 cognitionem,
842 2510 872 2559 et
907 2491 1029 2575 quidem
1061 2493 1172 2572 talem,
1211 2504 1247 2559 art

250 2600 332 2666 nolla
356 2612 438 2666 sacta
458 2600 556 2680 paulo
583 2598 819 2683 celebriorsipsi
847 2596 966 2667 laterem
1006 2599 1177 2667 sententias
1200 2598 1246 2666 vi·

246 2706 355 2771 delicet
378 2705 521 2786 exposuit
544 2724 609 2770 non
636 2721 754 2774 tanturn
779 2709 1068 2792 Pythagorae,
1098 2707 1246 2774 Thale

248 2811 328 2889 tis,
366 2809 576 2892 Socratis,
612 2811 819 2889 Platonis,
855 2815 1135 2893 Aristotelis,
1176 2817 1246 2878 Ze-
1287 2894 1290 2905 y

143 2926 152 2938 ·
252 2912 399 2994 nonis,
435 2911 732 2997 Antisthenis,
767 2915 1007 3000 Aristippi,
1038 2919 1244 3004 Epicuri,

253 3019 477 3104 Euclidis,
506 3025 560 3106 qui
588 3027 700 3111 singuli
723 3025 901 3093 familiarum
926 3025 1046 3094 fuerant
1071 3029 1244 3112 principes,

154 3182 158 3189 .
251 3127 308 3191 aed
330 3141 361 3192 et
386 3128 513 3211 aliorum
536 3132 739 3198 vel-[raucae
760 3134 809 3198 vel
831 3134 978 3218 Ionicae,
1006 3138 1057 3203 vel
1081 3137 1247 3204 Academi·

250 3252 327 3310 cae,
348 3235 399 3303 trel
415 3235 674 3318 Peripateticae,
696 3238 745 3301 vel
777 3237 989 3322 Oyrrnatcae,
1020 3246 1068 3308 vel
1096 3246 1246 3326 Stoicae,

251 3337 301 3401 vei
339 3335 506 3414 Eleaticae
528 3342 576 3406 vel
610 3340 790 3430 Epicureae
822 3342 951 3413 Scholae
978 3361 1184 3429 sectatorum,
1211 3363 1247 3417 ut

144 3500 149 3507 .
252 3462 306 3509 eos
333 3457 468 3528 taceam,
504 3448 558 3529 qni
600 3451 639 3514 ad
671 3465 785 3531 ,certam
814 3454 1071 3536 philosophorum
1102 3453 1245 3525 familiam

252 3549 357 3619 referri
379 3569 555 3639 nequeunt,
589 3557 858 3633 Lactantium,
877 3572 976 3631 autem
1004 3560 1150 3635 variarum
1174 3563 1246 3651 phi·

250 3654 407 3742 losophiae
439 3658 570 3746 partium
600 3658 746 3761 peritum,
765 3664 882 3760 fuisse,
900 3652 904 3663 “
921 3680 952 3761 et
987 3688 1089 3743 cartam
1118 3666 1245 3771 quidem

1162 3790 1251 3866 praa

304 3998 575 4079 (1)Verautique
598 3969 818 4064 Bellarmini
840 4019 896 4061 vox
919 4019 979 4076 est,
998 4020 1079 4079 quam
1103 4006 1158 4082 legi
1171 4011 1242 4083 apati

246 4100 334 4169 Pero.
353 4101 374 4158 l.
399 4116 428 4170 or
453 4121 484 4172 p.
505 4116 552 4169 ις.
572 4110 710 4160 auctorem
731 4118 840 4172 nempe
856 4106 941 4174 magis
960 4108 1078 4189 peritum
1100 4110 1185 4168 fuisse
1208 4111 1243 4168 li·

241 4195 354 4256 brorum
386 4196 603 4269 Ciceronis,
628 4212 711 4269 quarn
738 4203 1081 4265 &mollimentum
1284 4200 1296 4214 ’

426 4290 432 4306 e
780 4296 808 4362 E
834 4315 852 4379 3
1063 4278 1075 4301 s
