3126 5356
714 390 923 458 ἢ...]

290 564 387 627 terat.
429 552 600 642 wdencet,
621 570 656 624 ut
679 572 781 643 neque
804 559 889 626 hunc
913 561 1060 627 mundum
1091 530 1289 640 universum,

290 663 348 731 noc'
377 662 511 747 singular
544 663 612 748 ejus
638 677 739 746 partes
770 663 802 729 in
827 661 964 732 Deorum
997 682 1124 732 numero
1156 666 1294 733 habenda

290 786 360 838 esse
393 771 542 852 efficeret,
568 786 633 836 non
663 768 765 836 solum
800 769 883 836 hunc
925 789 1055 839 errorem
1093 788 1194 841 ortum
1224 792 1293 841 esso

290 877 559 957 commonstravit,
594 893 634 941 ert
667 875 772 960 inepti
799 896 899 945 rerum
926 879 1172 961 udspecmbilium
1200 880 1295 947 admi·
1405 920 1408 929 .

291 984 409 1052 eidone
441 998 473 1047 et
495 996 644 1064 stupore,
672 983 842 1071 sedetiam
873 985 1058 1068 argumentis
1095 985 1151 1051 uiti
1177 1002 1215 1052 er
1238 983 1295 1051 mi·

283 1083 353 1161 'nui
367 1089 522 1172 explorato
544 1086 677 1155 sidorum
696 1108 813 1169 eursu,
837 1089 998 1172 minusque
1022 1094 1182 1173 perspecti
1207 1104 1298 1159 mun·

290 1194 323 1264 di
345 1195 454 1263 natura
479 1194 605 1278 petitis,
636 1195 714 1278 quin
745 1204 789 1261 et·
809 1196 848 1263 ad
872 1197 1001 1267 absurda
1024 1197 1143 1263 tandem
1164 1195 1306 1275 duoere,

291 1313 424 1386 atquae
449 1290 507 1369 sibi
535 1302 621 1370 nollo
655 1302 751 1370 modo
776 1310 919 1370 constent
952 1306 968 1383 (
980 1310 1037 1383 r).
1071 1301 1213 1369 Similiter
1243 1320 1298 1368 eo·

292 1406 404 1485 demin
417 1407 496 1473 libro
513 1408 554 1474 ll.
576 1406 711 1475 divinum
724 1409 916 1491 reprehendit
932 1409 1099 1492 bonorem,
1122 1412 1176 1493 qui
1197 1412 1296 1475 simu·

226 1554 237 1605 f
290 1512 393 1589 lastis
415 1513 626 1596 tribuebatur,
659 1528 691 1579 et
714 1510 822 1597 partim
839 1513 960 1597 quidem
982 1515 1166 1598 argumentis
1185 1529 1298 1597 utens,

296 1619 411 1701 quibus
440 1618 648 1688 Hebraeorum
681 1635 765 1689 vates
793 1623 856 1708 jam
872 1622 987 1704 pridem
996 1625 1044 1688 usi
1064 1626 1169 1705 erant,
1189 1625 1299 1707 partim

292 1744 367 1792 vero
396 1729 542 1795 nonnulla
568 1728 606 1796 iis
641 1726 805 1812 adjiciens,
836 1731 919 1796 unde
941 1730 1027 1797 illum
1054 1729 1086 1793 in
1107 1731 1192 1812 ipsos
1216 1730 1301 1795 Deos

292 1832 422 1915 injurios
445 1848 475 1897 m
503 1847 537 1896 et
559 1833 687 1909 omnino
710 1834 856 1916 puerilem
875 1853 944 1900 esse
961 1841 1119 1918 appareret
1140 1816 1234 1918 (s).
1287 1816 1291 1824 ’

335 2043 389 2110 Λᾶ
425 2055 543 2111 emeras
570 2039 731 2127 religiones
761 2041 936 2109 evertendas
964 2036 1213 2109 Lactantius
1250 2060 1300 2108 se·

175 2202 181 2219 .
293 2150 397 2218 ctmdo
419 2149 458 2216 de
482 2148 600 2215 eratus
622 2153 727 2215 sacris
750 2147 799 2215 ad
818 2147 958 2218 narum
981 2150 1209 2215 temerationem
1223 2163 1301 2236 perf

297 2259 469 2326 timentibus
509 2260 669 2342 disputat,
717 2271 749 2324 et
780 2254 906 2340 'quidem
941 2254 984 2321 ita
1018 2268 1054 2321 ut
1086 2253 1217 2336 primum
1252 2253 1301 2317 in·

297 2382 403 2451 crepet
427 2365 619 2434 terrendam
644 2385 811 2432 sacrorum
847 2366 1087 2431 immanitatem.
1136 2361 1303 2429 Prudenter
1365 2372 1371 2383 ·

297 2490 399 2544 autem
433 2487 464 2540 et
494 2473 683 2556 populorum
720 2487 752 2538 et
787 2486 960 2554 temporum
1001 2471 1159 2569 varietates
1194 2467 1303 2533 distin·

299 2596 417 2666 gneus,
446 2593 511 2640 non
537 2592 655 2642 nutum
687 2578 825 2640 barbaras
859 2591 964 2655 gentes
985 2577 1108 2643 Deos
1120 2591 1196 2638 suos
1231 2591 1302 2638 san·

299 2685 395 2770 gtrlne
427 2680 562 2748 hummo
587 2680 705 2780 placare
728 2678 882 2746 studuisse
903 2692 1029 2757 monet,
1067 2675 1121 2743 sed
1143 2693 1192 2741 ne
1215 2659 1302 2742 Lati·

300 2811 361 2864 nos
396 2789 541 2875 quidem,
577 2790 724 2873 ipsosque
751 2787 829 2853 adeo
859 2787 1040 2861 Romanos,
1077 2782 1134 2867 qui
1165 2803 1303 2853 mansue-

301 2898 415 2968 mdinis
440 2909 480 2963 et
493 2893 689 2963 humanitatis
715 2892 841 2977 gloriam
866 2891 925 2958 sibl
949 2891 1152 2972 vindicarent,
1181 2895 1220 2960 ab
1246 2894 1303 2961 heo

296 3004 479 3073 crudelitate
511 3021 546 3070 se
572 3000 778 3083 abstinuisse,
818 2998 935 3093 indiciis
967 3001 1034 3084 ejus
1069 3001 1168 3067 adhuc
1195 3020 1304 3082 super·

302 3109 453 3193 sitibus,
489 3127 546 3195 nec
582 3106 648 3175 non
680 3105 884 3174 Varronis
914 3105 1091 3174 auctoritate
1113 3106 1304 3187 comprobat.

304 3215 425 3287 Deinde
458 3232 625 3282 sacrorum
642 3227 675 3279 et
698 3206 879 3279 insulsitate
901 3213 1007 3279 notata
1028 3228 1059 3278 et
1086 3211 1306 3298 turpitudine,

305 3325 448 3410 nomines
475 3323 573 3407 ridet,
597 3322 652 3423 qui
675 3320 825 3463 instetis
842 3319 986 3404 beiendis
1003 3335 1118 3407 agunt,
1138 3320 1219 3405 quai
1236 3319 1307 3405 quis

1274 3428 1403 3498 mr.

320 3595 494 3697 (01..
515 3602 610 3674 lm.
611 3590 708 3671 Epo.
728 3613 758 3665 ς.
784 3589 833 3656 26.
848 3582 1135 3667 prernadaat.
1150 3597 1189 3652 11.
1206 3612 1234 3679 3.
1224 3613 1313 3686 ,sqq⁸

337 3682 615 3791 (s)L.11.a
641 3712 702 3767 sqq.
728 3695 804 3765 Epir.
830 3709 858 3750 t
877 3705 923 3761 ss.
946 3695 1125 3766 Cypriam.
1157 3709 1248 3752 autem
1270 3702 1312 3755 Tea

310 3803 379 3877 mitt.
405 3799 444 3855 ad
461 3798 541 3869 Qpir.
556 3790 610 3852 111.
626 3805 672 3860 59.
686 3788 801 3847 Exim.
820 3791 903 3847 tran.
920 3804 949 3844 e.
980 3802 1006 3846 r.
1025 3789 1123 3848 eodem
1146 3793 1312 3847 consilios-

204 3952 214 3969 χ
311 3901 350 3957 1..
377 3897 438 3957 loct
463 3894 575 3968 tarint.
609 3889 803 3948 Verbaaotem
825 3880 975 3954 Persii,
994 3888 1093 3958 qulbus
1114 3886 1311 3951 utimrLst't.

312 3994 437 4066 lep.
462 3993 527 4054 ι16.
549 3988 650 4046 minut
674 3984 811 4042 intellexit
845 3984 883 4038 C·
910 3984 950 4042 G.
980 3980 1116 4053 ilergt,
1137 3983 1246 4041 lssL.
1274 3972 1353 4037 Ὀ..

314 4081 546 4148 Lactsntirrt
579 4080 850 4155 nlglmammicnt
877 4096 925 4137 aar
953 4082 1008 4143 itm
1037 4077 1216 4150 Latdrrbtdaa
1241 4080 1322 4151 m»

312 4194 399 4267 gasat,
426 4186 498 4259 edit.
520 4184 666 4273 Quedllnb·
686 4185 770 4243 liti.
792 4192 910 4267 3.·143.
1367 4194 1370 4199 ’
