3092 5350
739 442 783 461 -
803 416 905 494 ἢ...

327 605 424 672 oones
445 600 537 670 neos
567 582 762 681 {manunt
781 595 860 665 uae
892 594 989 664 ona
1015 597 1159 679 obrem,
1193 598 1249 669 sea
1268 598 1323 673 ‚vr-

325 712 435 778 tiorum
461 705 597 776 materies
628 706 665 775 iis
690 704 843 773 subarata
867 719 926 772 est.
969 704 1045 772 Non
1073 705 1221 773 tollendae
1244 718 1320 775 aunt
1378 766 1381 775 ,

310 835 377 887 ,aut
399 816 636 902 temperandae,
662 814 716 881 sed
738 813 770 879 in
802 824 913 879 rectam
946 812 1024 880 viam
1058 812 1335 901 dirigendae„

323 942 454 1007 rumque
489 942 612 992 caumae
645 921 854 988 modmandac.
908 920 1047 1007 Quarum
1080 921 1209 989 varietas
1240 920 1321 988 vatia
1378 926 1380 931 ’

310 1032 417 1099 efficit·
433 1030 626 1099 affectionum
658 1048 781 1113 genera.
824 1028 964 1095 Virtutes
993 1043 1093 1111 sunt,
1119 1028 1148 1093 si
1180 1027 1258 1094 bene
1281 1025 1320 1095 iis

310 1139 455 1220 ·utimur,
477 1137 505 1204 si
525 1137 624 1216 male,
649 1133 735 1200 vitia.
778 1133 1010 1213 Misericordia,
1039 1147 1138 1203 metus
1165 1135 1249 1215 Dei,
1268 1151 1323 1203 cu·

308 1292 313 1299 ·
320 1245 432 1329 piditas
457 1254 559 1312 rerum
581 1240 760 1317 coelestium
783 1256 857 1308 sunt
873 1240 1014 1310 virtutes.
1055 1241 1197 1324 Inprimis
1223 1240 1324 1313 homi·

306 1370 376 1415 ·nes
404 1349 569 1417 adomnia
598 1346 733 1418 facinora
758 1349 940 1434 praecipites
975 1363 1070 1435 agunt
1103 1349 1170 1433 ira,
1205 1346 1322 1433 cupidi·

315 1472 388 1545 tas,
421 1456 540 1538 libido,
576 1478 655 1541 quae
687 1459 737 1527 vel
764 1460 805 1526 ad
836 1477 965 1540 eorum,
998 1459 1052 1543 qui
1080 1457 1171 1524 nobis
1204 1455 1320 1525 subditi

319 1570 414 1653 sunt,
438 1580 560 1648 peccata
580 1568 771 1650 enecanda,-
794 1568 841 1634 vel
870 1558 912 1632 ad'
934 1586 968 1632 ea
990 1562 1225 1649 comparanda,
1242 1582 1320 1647 quae

317 1653 398 1739 uitae
423 1672 588 1739 necessitas
614 1675 770 1756 postadat,
798 1673 906 1765 velad
931 1671 1071 1740 sobolem
1096 1673 1321 1757 propagandam
1367 1696 1370 1710 ¹

307 1780 404 1846 nobis
430 1780 518 1845 datae
547 1795 640 1863 sunt3
671 1781 726 1848 sed
753 1800 787 1846 vt
809 1799 849 1844 σο
878 1790 1089 1861 pervertantur
1120 1779 1159 1844 ad
1184 1777 1321 1845 studium

313 1883 462 1965 ultionis,
489 1902 610 1965 opum,
639 1886 851 1967 voluptatum,
872 1897 903 1948 et
928 1882 1112 1950 omniafere
1140 1886 1253 1952 scelera
1275 1885 1322 1969 gi·

314 2003 425 2073 gnrmt.
468 1990 600 2073 Oportet
626 1989 718 2074 igitur
747 2010 798 2057 eas
822 1989 899 2055 intra
923 1990 1001 2056 fines
1028 2010 1047 2056 a
1076 1992 1145 2057 Deo
1173 1993 1318 2075 praescri·

312 2114 387 2180 ptos
413 2096 585 2179 redigere(
599 2116 614 2162 1
627 2097 667 2178 ).'
702 2098 856 2164 Sensuum
882 2083 1055 2178 voluptates
1073 2086 1156 2165 'sunt
1179 2096 1319 2167 mortife-

304 2224 387 2284 rae,
414 2216 445 2265 et
464 2200 534 2265 ideo
556 2201 669 2268 virtute
695 2202 903 2284 superandae,
929 2188 980 2295 uel
1002 2203 1043 2269 ad
1060 2205 1208 2272 rationem
1227 2206 1316 2275 suant

313 2308 510 2377 revocandae.
553 2304 738 2372 Detestanda
764 2321 838 2372 sunt
862 2306 975 2391 igitur,
1004 2323 1145 2390 tanquam
1165 2312 1267 2394 laquei
1283 2327 1315 2379 et

245 2481 251 2496 ,
298 2421 442 2503 plagae,
463 2411 633 2498 spectacula
649 2410 797 2494 publica,
812 2427 942 2494 scenae,
960 2415 1025 2484 ludi
1044 2417 1217 2500 circenses,
1235 2419 1314 2488 festa
1366 2447 1371 2457 ·

311 2527 470 2603 Deorum3
492 2520 622 2588 carmma
645 2520 747 2585 itidem
783 2516 962 2605 positarum
994 2516 1154 2608 ciborum,
1180 2529 1314 2612 florum,

311 2636 537 2717 unguentorum
564 2629 707 2711 deliciae;
731 2628 846 2695 incesta
876 2620 984 2698 libido.
1036 2633 1183 2701 Sensibus
1208 2639 1246 2703 ad
1268 2636 1314 2705 vi-

296 2755 358 2805 ·tae
388 2740 594 2805 necessitatem
625 2737 772 2800 utendum
804 2752 870 2814 est,
901 2739 1026 2805 auribus
1052 2762 1082 2805 e.
1108 2760 1156 2822 gr.
1183 2745 1221 2809 ad
1243 2764 1313 2827 per-

295 2843 477 2926 icipiendam
504 2838 563 2906 ner
584 2837 750 2904 doctrinam
777 2839 905 2922 ejusque
930 2834 1044 2909 laudes
1065 2847 1251 2931 audiendas,
1276 2850 1313 2917 li·

296 2950 411 3016 ·bidine
433 2951 471 3017 ad
495 2947 660 3015 liberorum
685 2947 938 3028 procreationem.
959 2949 1071 3032 Neque
1088 2965 1206 3043 tantum
1224 2956 1310 3025 adul·

250 3105 261 3126 .
308 3056 403 3138 teria,
431 3070 538 3139 stupra
566 3069 597 3121 et
623 3054 800 3136 hujusmodi
825 3053 934 3137 flagitia
955 3075 1014 3137 pro
1042 3061 1206 3131 sceleribus
1235 3079 1310 3131 sunt

294 3163 465 3242 ·habenda,
498 3161 554 3227 sed
582 3172 613 3224 et
638 3160 813 3245 polygamia
842 3173 873 3223 et
899 3160 1031 3230 incestae
1060 3167 1191 3237 libidinis
1221 3173 1309 3253 cupi·

165 3314 171 3335 .
249 3269 397 3352 sditaa.
440 3266 552 3333 Libido
578 3267 780 3334 innatorum
806 3264 975 3334 cohibenda
1001 3284 1069 3352 est,
1094 3274 1212 3357 siquis
1241 3298 1307 3348 eam

306 3374 455 3443 refrenare
480 3387 622 3458 nequeat.
666 3374 729 3463 Qui
746 3394 819 3443 vero
843 3374 905 3442 viti
928 3376 1044 3444 coellbe
1066 3382 1202 3465 agendi,
1219 3387 1305 3466 quod
1348 3432 1352 3450 .

305 3498 404 3549 tamen
427 3483 512 3551 Deus
537 3501 601 3550 non
631 3483 806 3567 praecepit,
832 3482 972 3567 corporis
999 3482 1199 3571 integritatem
1229 3506 1305 3557 con·

80 3610 83 3619 ·
196 3624 199 3632 ·
305 3589 454 3673 servavit,
481 3589 512 3657 in
537 3608 658 3660 summo
681 3605 740 3659 stat
775 3589 897 3658 virtutis
926 3586 1071 3677 fasngio,
1107 3608 1138 3660 et
1166 3593 1303 3665 eximiam

288 3717 323 3783 „a
347 3699 415 3767 Deo
438 3696 564 3782 accipiet
586 3701 761 3765 mercedem.
806 3696 843 3764 E'
861 3699 1035 3783 contrario,
1063 3702 1118 3784 qui
1141 3705 1304 3789 voluptati·

288 3803 364 3893 ,bus
387 3806 577 3897 indulgentes
600 3808 725 3893 corpori
751 3826 785 3875 se
813 3804 1024 3894 emancipant,
1051 3810 1145 3883 ,morti
1176 3811 1300 3881 tradunt
1398 3800 1400 3807 ’

302 3913 420 3981 animos
445 3931 520 3981 suos
548 3913 639 3999 (o).
690 3914 776 3981 Bona
810 3911 983 3998 terrestria,
1018 3934 1115 4002 opes,
1147 3918 1317 4007 honores,
1397 3940 1402 3953 ‘

1250 4047 1296 4095 re·

236 4154 240 4162 ’
356 4147 424 4219 (r)
451 4149 483 4203 l..
506 4145 559 4205 Vl.
583 4161 617 4216 s,
645 4158 690 4220 14.
709 4165 772 4222 sqq.

285 4288 292 4298 .
355 4244 424 4322 (a)
450 4248 710 4320 l..vl.ao.a1q.
