3092 5350
653 383 834 483 -ru-e-

1133 461 1144 491 i

232 562 291 639 dit.
333 560 435 643 Itaque
468 552 556 628 rnen's
586 571 616 624 et
643 556 782 624 voluntas
815 554 937 627 alterius
972 561 1004 625 in
1034 562 1127 631 altero
1162 575 1243 643 ests

168 721 171 726 .
233 670 282 753 vel
298 667 400 750 potius
427 683 486 733 una
514 665 633 746 utrique
651 681 759 744 rnens,
781 681 861 732 unus
880 665 980 732 itidem
999 668 1144 753 spiritus,
1171 653 1244 737 unu¹

230 771 409 849 substantie.
452 770 487 853 In
524 790 644 855 summo
680 771 773 853 igitur
809 791 845 837 ac
873 771 1018 855 singulari
1049 778 1139 856 Deo,
1175 776 1231 857 qui

198 930 201 941 .
230 879 295 963 ipse
331 891 378 942 est
409 877 498 960 origo
526 896 647 955 rerum,
678 877 771 943 simul
803 891 834 941 et
858 875 941 941 filius
974 893 1004 944 et
1033 879 1135 945 omnia
1158 897 1234 946 con·

231 987 385 1066 tinentur,
416 1002 516 1083 neque
539 983 589 1048 iile
615 982 674 1049 nisi
697 999 752 1064 per
773 980 875 1059 filiunt
893 962 954 1049 coli
977 997 1081 1066 potest
1103 987 1146 1066 (
1157 986 1189 1068 ).

296 1090 371 1181 Non
398 1104 512 1157 tantum
542 1090 574 1175 in
604 1089 682 1155 locis
708 1107 801 1170 supra
826 1088 960 1154 excitatis
988 1089 1235 1187 Lactantius

81 1234 88 1241 =
171 1278 175 1297 ι
231 1196 325 1266 filium
353 1199 410 1263 Dei
427 1197 565 1281 spiritis
593 1192 716 1260 nomine
739 1192 833 1274 dicit,
851 1195 927 1261 nsed
952 1194 1038 1261 etiam
1068 1198 1121 1263 ubi
1142 1182 1236 1283 spiri·

230 1318 294 1368 turn
328 1305 386 1384 Dei
413 1323 467 1384 per
492 1318 578 1368 vates
609 1302 751 1383 antiquos
775 1301 911 1368 locutum
936 1321 1003 1368 esse
1030 1305 1104 1386 (ι)
1128 1319 1159 1375 et
1177 1304 1239 1369 vir·

231 1412 329 1499 ginenr
346 1451 358 1485 ,
376 1426 466 1490 curus
487 1407 610 1490 corpori
629 1427 664 1474 se
682 1400 867 1485 insinuaret,
898 1409 1027 1493 elegisse
1043 1424 1146 1476 rnonet
1166 1407 1236 1493 (3).

231 1514 362 1595 Spiritus
398 1532 471 1580 vero
499 1514 616 1595 sancti,
653 1533 744 1597 quern
777 1527 893 1595 praeter
920 1531 1039 1599 patrem
1054 1529 1057 1532 ’
1073 1531 1106 1597 pt
1139 1515 1246 1585 filiurn'

195 1708 198 1717 Ι
230 1622 381 1701 colimus.
409 1639 448 1686 ne
474 1616 565 1687 unam
585 1620 708 1703 quidem
731 1621 913 1688 mentionem
938 1620 1079 1703 inlibris
1104 1622 1238 1703 ejusne
1278 1610 1280 1615 ’

129 1784 140 1795 ,,
232 1726 363 1808 reperire
392 1729 525 1796 tuemini.
569 1729 660 1795 Unde
684 1727 820 1811 suspicio
845 1718 961 1806 oritur,
992 1740 1167 1805 auctorem,
1201 1738 1236 1791 ut

230 1833 351 1913 scripsit
382 1833 659 1917 Hieronymus
686 1835 786 1915 (4),
812 1833 894 1897 hunc
922 1832 1061 1914 spiritum
1088 1849 1146 1915 pro
1167 1849 1238 1914 per·

214 1942 329 2018 sou,
360 1961 438 2022 quae
467 1943 600 2022 dicitur,
630 1958 694 2006 non
721 1940 895 2024 agnovisse.

292 2047 457 2129 Postquam
494 2046 581 2114 Deus
619 2050 683 2131 (ut
716 2047 850 2113 auctoris
878 2047 1055 2113 sententiam
1083 2066 1237 2131 exponere

120 2144 121 2148 ’
231 2157 418 2236 pergamus)
442 2152 535 2217 filiunt
555 2171 645 2217 suunr
672 2150 815 2230 fecisset,
843 2150 916 2215 fecit
941 2164 971 2215 et
988 2152 1142 2231 aiterum,
1139 2153 1235 2247 cui,

235 2275 273 2320 ne
299 2257 410 2320 malum
437 2255 474 2318 ab
502 2256 571 2335 ipso
598 2256 667 2320 Deo
692 2253 959 2336 proficisceretur,
987 2257 1025 2321 ad
1045 2257 1121 2322 mala
1144 2277 1242 2323 exeo·

182 2410 184 2414 ,
236 2361 355 2446 gitanda
374 2356 488 2425 dedit
479 2358 632 2441 ngenium
652 2373 681 2424 et
699 2358 881 2440 astutiam,
891 2378 1022 2443 eumque
1038 2382 1141 2430 secum
1158 2383 1233 2431 con·

187 2478 190 2479 ’
235 2470 356 2536 tendere
393 2467 514 2548 voluit,
550 2485 652 2535 utrum
682 2469 760 2555 ipse
783 2470 854 2551 plus
879 2470 1031 2537 bonorum
1058 2471 1234 2549 daret‚an
1260 2464 1263 2469 ’

232 2576 282 2642 ille
318 2579 456 2658 plusnt
426 2576 585 2659 malorum.
629 2575 690 2640 Hic
727 2577 820 2659 igitur
854 2577 917 2642 filio
943 2578 1001 2644 Dei
1030 2568 1241 2660 primogenito.

164 2696 170 2707 “
234 2682 391 2761 invidens,
422 2700 490 2767 suo
505 2680 650 2761 arbitrio,
679 2684 765 2764 quod
788 2664 891 2750 aueo
913 2684 1041 2751 liberum
1058 2701 1242 2769 acceperat„

128 2828 130 2833 ·
230 2812 267 2856 ex
300 2791 385 2854 bono
418 2789 456 2851 ad
490 2789 602 2851 malum
628 2786 849 2864 transscendit,
880 2800 953 2851 eta
979 2790 1048 2852 Deo
1074 2804 1109 2853 ut
1134 2793 1233 2856 nialus

231 2895 411 2972 abdicatus,
448 2892 588 2974 maloque
618 2891 867 2993 praefectusest
896 2889 983 2974 (5).
1026 2893 1145 2959 Deinde
1169 2913 1233 2979 *per

233 2994 327 3070 filiuni
345 3018 435 3067 suum
454 2998 539 3065 Deus
559 2999 672 3065 multos
689 2997 797 3083 genuit
814 2996 989 3078 ministros,
1011 2999 1065 3080 qui
1080 2998 1231 3082 ἄγγελοι,

234 3109 297 3177 sive
322 3109 430 3176 nuntii
446 3121 606 3176 vocantur.
649 3106 694 3172 Hi
716 3121 816 3174 aurem
838 3108 970 3193 spiritus
991 3108 1085 3201 raeiri
1109 3123 1146 3173 ex
1165 3105 1231 3173 Deo

1160 3230 1234 3293 pro·

143 3420 181 3448 ⁸·
265 3407 334 3486 (ι)
361 3411 399 3469 L.
423 3400 475 3464 IV.
506 3418 552 3477 29.
577 3407 683 3465 Auctor
714 3422 768 3463 non
797 3404 908 3464 sensisse
939 3406 1047 3466 videtur
1061 3421 1176 3481 patrem
1205 3420 1234 3464 ec

225 3504 314 3566 filium
344 3523 455 3565 numero
483 3523 540 3563 esse
564 3522 658 3563 unum.
686 3508 732 3564 eff.
753 3503 971 3593 Munschet.
1004 3512 1039 3568 T.
1062 3504 1086 3565 Ι.
1109 3520 1140 3579 p.
1168 3514 1236 3577 503.

225 3601 444 3665 Bettholdt.
469 3599 506 3662 T.
529 3605 569 3660 11.
593 3620 626 3674 p
653 3609 716 3662 118.
837 3655 839 3661 ,
885 3680 886 3687 ¹

232 3696 784 3775 (2)n.1u.11,1e‚cf...06
886 3687 887 3709 ¹

264 3796 331 3869 (3)
357 3801 391 3856 L.
417 3780 468 3857 ΙΙΙ.
493 3816 537 3860 rt.
560 3797 642 3858 adde.
675 3819 703 3859 e.
724 3818 771 3869 15.

267 3891 335 3971 (4)
359 3897 525 3967 Epist..65.
548 3900 583 3955 ad
598 3901 817 3967 ‘pammachium
848 3914 877 3957 et
899 3870 935 3955 ²in
958 3902 1044 3966 Gal.
1055 3917 1094 3957 c.
1110 3914 1139 3967 4.
1162 3896 1237 3952 Non·
1341 3894 1345 3903 '

231 3992 302 4050 nulii
323 4006 412 4049 eutem
442 4008 538 4063 putant
566 3994 784 4051 Lectanrii
796 3997 954 4051 seutentiam
986 3985 1040 4050 'non
1071 3990 1237 4081 intellectam

227 4088 368 4150 fuisseab
392 4088 631 4157 Hwieronynro
660 4088 727 4148 vid.
752 4091 903 4149 Tillenr.
927 4091 946 4146 l.
973 4106 1049 4161 dp.
1080 4076 1145 4205 555.

266 4178 399 4267 (5)L·
423 4184 461 4238 11.
485 4178 644 4254 ³›9217·
689 4266 756 4351 K
