3092 5350
689 381 726 400 ..
751 366 876 434 „0-

306 534 386 618 cap.
408 531 449 601 u
491 531 691 601 uenierunt
699 532 970 614 philosophorum
995 534 1268 619 reprehensiones

460 639 715 711 Lactantio
746 643 923 724 scripti„

529 746 696 839 inquiritur
720 763 807 827 turn,
839 751 916 830 quid
947 763 1053 819 auctor
1079 750 1110 816 in
1134 749 1274 834 philoso-

491 855 565 940 phil
600 869 734 925 veterum
768 860 960 940 generatim,
980 877 1126 925 necnon
1154 858 1185 923 in
1212 858 1274 924 sin·

491 961 570 1044 gulis
601 962 667 1043 ejus
689 962 836 1040 partibus
863 978 893 1027 et
918 965 1088 1046 praecipuis
1115 964 1276 1046 antiquita·

486 1067 530 1131 tis
561 1065 752 1147 philosophis
783 1069 1030 1149 reprehenderit,
1067 1087 1154 1151 tum,
1196 1089 1276 1154 quo·

488 1173 581 1240 modo
599 1173 683 1238 hac
675 1192 707 1238 tn
725 1176 956 1257 reprehensione
964 1179 1212 1260 uersatussrt,p
1222 1197 1275 1259 59

295 1281 376 1364 cip.
398 1278 455 1351 ur.
494 1281 543 1348 De
539 1279 753 1395 expositione
777 1281 943 1365 Religionis
963 1281 1154 1351 Christianae
1171 1305 1190 1350 a
1205 1284 1277 1351 La·

491 1356 647 1454 etantio
672 1386 704 1452 in
723 1387 871 1457 medium
879 1389 1043 1470 prolata.

536 1494 611 1561 Post
630 1509 794 1567 enarratam
816 1497 948 1575 auctoris
959 1496 1143 1563 sententiam
1158 1498 1195 1563 de
1209 1498 1278 1564 Deo

491 1599 646 1682 rebusque
671 1601 709 1666 ad
723 1601 898 1701 religionem
915 1603 1155 1686 pertinentibus,
1177 1605 1278 1684 inqui·

489 1708 588 1788 titur,
612 1725 774 1787 ¹quaenam
815 1709 848 1775 in
883 1709 1071 1792 expositione
1100 1711 1281 1795 ,Religionis
1370 1737 1373 1741 ·

489 1814 678 1891 Christianae
708 1814 746 1884 ab
773 1833 812 1879 eo
845 1816 877 1882 in
898 1818 1029 1883 medium
1058 1818 1174 1899 prolati
1199 1818 1279 1883 vitu·

459 1917 639 1999 peranda,
672 1935 817 1997 quaenam
847 1921 1019 1985 laudanda
1013 1923 1104 2005 sint,
1134 1945 1168 2006 p.
1194 1925 1257 2007 ···69
1299 1950 1314 1993 ’ς

301 2022 383 2120 Cep.
387 2018 462 2089 lV.
494 2022 542 2089 lie
570 2020 683 2102 scripte
711 2040 729 2086 a
752 2021 974 2087 Lactantio
996 2027 1274 2107 demonstratione,

495 2129 687 2227 Religionem
723 2129 924 2197 Christianam
960 2150 1060 2197 veram
1087 2146 1118 2197 et
1146 2133 1277 2199 divinam

489 2257 570 2307 esse.
864 2304 866 2313 ι

476 2360 486 2385 ·-
539 2344 716 2440 Religionis
739 2343 928 2434 Christianae
946 2295 1129 2416 divinitatem
1156 2346 1280 2428 proprie
1321 2391 1338 2427 a

495 2453 671 2523 indictam
704 2452 953 2520 Lactantius
981 2454 1185 2519 demonstrare
1210 2466 1277 2518 stu·

487 2559 577 2637 aluit,
606 2574 670 2622 tum
689 2561 957 2623 commonstrando
969 2560 1099 2639 ,vestigia
1117 2561 1283 2633 Providen-

468 2664 531 2736 tia
560 2660 688 2739 Divinae
717 2661 765 2724 in'
784 2662 910 2735 historia
950 2679 981 2728 et
1005 2664 1112 2746 ·Jesu
1154 2666 1285 2748 ejusque

324 2781 329 2788 '
368 2810 371 2817 .
446 2820 453 2839 ,
489 2762 738 2852 Apostolorum,
769 2781 805 2840 et¹
835 2767 1005 2850 Religionis
1022 2786 1123 2852 ¹etque
1144 2771 1281 2865 Societa-

494 2879 535 2947 tis
557 2867 748 2949 Christianae
768 2875 958 2959 conspicua,
989 2898 1025 2960 p.
1051 2882 1105 2961 96.

532 2981 744 3057 Praestantiam
782 2981 949 3064 Religionis
990 2984 1179 3057 Christianae
1209 2985 1278 3052 Le·

458 3114 464 3122 ·
492 3090 680 3157 stantius
717 3086 880 3171 probavit,
917 3089 1117 3172 praedicando
1157 3093 1223 3178 ejus
1254 3106 1285 3155 et

490 3213 676 3279 auctorem,
713 3212 745 3263 et
775 3195 977 3280 doctrinam,
1007 3212 1039 3263 et
1070 3202 1133 3265 uim
1163 3198 1286 3262 solata·

443 3324 579 3399 ram,
612 3324 647 3388 p
678 3321 772 3376 110.
1058 3360 1061 3369 ,

261 3372 501 3493 reuertente.
514 3413 562 3478 De
597 3408 751 3487 dictione,
782 3411 844 3491 qut
867 3407 1146 3477 Lactantius
1136 3425 1168 3472 ιιι
1191 3406 1285 3473 Insti·

400 3532 407 3539 '
495 3492 667 3593 enitionibus
694 3518 824 3586 Divinis
856 3536 931 3587 usus
956 3533 1016 3585 est.
1068 3584 1071 3590 ,
1297 3600 1304 3619 x

539 3623 647 3692 Paucis
681 3622 781 3707 agitur
813 3622 852 3686 de
886 3623 1049 3702 dictionis,
1087 3621 1148 3703 qui
1177 3633 1286 3684 auctor
1330 3620 1335 3627 '

501 3748 576 3819 usus
600 3742 680 3810 est,
695 3730 938 3815 perspicuitate,
967 3728 1194 3796 suauitatem
1199 3744 1284 3811 gro·

494 3840 613 3920 nitate,
644 3855 678 3941 p
711 3840 792 3901 116..

641 4076 646 4085 ⁸
804 4085 807 4091 .
