3092 5350
712 358 881 437 ..7⁶-

227 584 230 596 «
298 540 337 607 do
360 536 440 624 cepit
468 534 611 614 initium,
639 537 679 605 ita
706 553 736 602 et
757 538 917 620 aliquando
950 536 1038 603 finem
1065 535 1185 604 habebit
1204 534 1288 618 (a).

297 648 406 728 Deus,
434 645 488 729 qui
516 644 618 715 omnia
653 646 806 727 condidit,
839 665 875 711 ea
906 665 1032 731 quoque
1058 645 1133 727 regit
1167 656 1197 707 et
1223 660 1293 707 sus·

297 769 393 819 tentat
419 755 513 836 (a),
534 754 699 822 ministerio
720 773 808 822 utens
826 754 982 836 geniorum
1008 752 1182 821 coelestium
1203 753 1290 833 (3i·
1334 748 1340 768 “

214 861 217 865 ’
298 859 363 926 Res
390 879 515 942 quoque
537 862 681 927 humanas
705 876 870 944 procurat,
897 878 928 926 et
954 861 1093 941 quamvis
1117 857 1197 924 haud
1222 871 1291 920 raro
1427 862 1431 867 ’

296 966 400 1047 iniqua
428 985 496 1030 esse
522 964 658 1041 uideatur
685 966 844 1032 bonorum
877 967 1060 1032 terrestrium
1095 962 1292 1038 distributio,

298 1090 334 1138 ut
357 1072 447 1154 probi
475 1073 614 1136 homines
643 1071 675 1136 in
701 1066 830 1138 miseriis
858 1072 942 1152 sint,
968 1070 1099 1154 improbi
1124 1093 1142 1136 e
1175 1085 1294 1136 contra·

296 1180 343 1246 rio
369 1177 513 1245 omnibus
536 1178 627 1246 bonis
651 1181 829 1264 abundent,
846 1180 1071 1264 sapientissimis
1097 1193 1197 1244 tamen
1219 1191 1293 1238 con·
1350 1242 1357 1248 ,

297 1286 373 1352 siliis
395 1285 427 1351 in
458 1287 662 1353 moderatione
697 1309 797 1355 rerum
831 1289 1030 1355 humanarum
1055 1289 1140 1371 Deus
1169 1282 1294 1358 utitur,
1336 1296 1340 1307 ’

298 1393 383 1473 quod
422 1411 486 1458 non
519 1407 634 1460 tantum
670 1398 810 1480 exemplo
844 1411 1029 1464 sectatorum
1060 1390 1232 1461 Christi
1264 1394 1306 1452 et‘
1401 1474 1414 1487 „

296 1499 422 1565 aliorum
448 1499 606 1567 hominum
632 1501 760 1581 docetur
791 1490 884 1586 (4),
901 1493 967 1570 'sed
994 1500 1143 1587 etiamsi
1171 1494 1296 1565 attendi·

297 1624 369 1675 mus
393 1606 525 1672 animum
554 1607 593 1673 a'd
619 1608 786 1691 rationem,
822 1610 885 1692 qui
915 1610 1000 1677 Deus
1033 1608 1064 1673 in
1095 1604 1298 1691 permittendo

296 1710 377 1774 malo
403 1712 509 1776 morali
530 1714 606 1794 agit.
646 1714 800 1780 Nimirum
829 1716 946 1797 voluit,
974 1715 1122 1780 mundum
1155 1727 1296 1778 constare

296 1815 388 1880 rebus
419 1816 497 1878 inter
527 1835 562 1879 se
595 1820 753 1883 contrariis
788 1836 881 1902 atque
916 1823 1120 1888 discordibus.
1162 1819 1295 1886 Coeium

298 1943 331 1986 v.
358 1940 390 1990 c.
409 1918 576 1987 luminibus
601 1920 758 2003 distinxit,
792 1898 929 1990 tenebras
957 1927 1115 1990 constituit
1140 1918 1172 1987 iri
1198 1937 1293 1996 terra;

297 2026 404 2095 orienti
438 2027 585 2110 opposuit
621 2030 827 2112 occidentem,
857 2029 992 2097 meridiei
1029 2028 1291 2112 septentrionem

298 2137 533 2218 diemquoque
566 2133 638 2201 fecit
662 2151 694 2200 et
718 2153 865 2220 noctem,
888 2141 1027 2204 'calorem
1051 2137 1152 2209 itidem
1181 2151 1211 2200 et
1238 2135 1297 2198 hu·

297 2261 434 2309 morem:
464 2260 593 2323 quarum
623 2263 723 2310 rerum
749 2243 856 2310 alterae
875 2244 933 2310 Dei
957 2259 1053 2323 suut,
1076 2245 1184 2307 alterae
1203 2257 1300 2322 pravo

300 2349 345 2413 itti
368 2349 522 2432 antitheo,
542 2349 568 2449 i,
585 2369 614 2416 e.
633 2350 757 2423 diabolo
782 2351 997 2419 attribuendae.
1037 2349 1103 2436 Jam
1122 2367 1197 2415 vero
1214 2351 1299 2416 Deus

296 2454 408 2521 malum
433 2472 497 2521 non
526 2459 742 2542 erblusit„1ut
771 2460 847 2526 maia
880 2478 951 2526 eum
985 2442 1074 2524 bonis
1105 2471 1297 2539 pugnarent,

297 2575 333 2625 ut
357 2558 427 2623 vitia
452 2576 553 2625 esseut
574 2545 698 2626 aduersa
719 2560 910 2641 virtutibus,
938 2561 1061 2624 haberet
1083 2561 1184 2638 alios,
1218 2578 1299 2640 quos

298 2665 442 2758 puniret,
467 2666 566 2748 alios,
602 2685 682 2748 quos
708 2668 883 2732 honoraret.
935 2665 1043 2753 Quid?
1079 2666 1225 2747 quodne
1252 2666 1314 2749 uel,

1214 2878 1302 2964 Quae

301 3013 394 3073 mussi
407 3029 466 3069 esse
481 3015 639 3080 conditumt
658 3009 733 3084 quad
745 3026 798 3067 non
813 3013 901 3066 omnia
918 3009 1082 3079 complecti,
1101 3024 1170 3077 quae
1188 3005 1264 3069 Deus
1277 3010 1306 3063 ia
1420 3037 1425 3051 »

300 3109 402 3165 mundo
418 3110 559 3167 condendo
574 3112 626 3166 tibi
650 3109 820 3179 proposuisse
843 3106 1065 3171 contendissem,
1089 3107 1206 3173 quiaque
1219 3104 1306 3160 videt.

301 3209 350 3265 Uti
375 3220 403 3261 et
425 3221 563 3263 auctorem
586 3206 679 3263 mundi
702 3220 756 3260 non
781 3205 846 3262 satis
870 3204 986 3276 amplam
1013 3203 1139 3274 babuisse
1162 3203 1334 3281 notionem.⁸

358 3302 484 3372 (ιΗι.
506 3307 574 3372 v11,
598 3322 624 3359 ι.

359 3394 431 3474 (a)
456 3398 490 3456 L.
515 3397 558 3456 11.
581 3394 609 3454 8.
634 3396 700 3451 Vll.
723 3385 753 3462 ’3.
775 3398 881 3457 Auctor
905 3396 1063 3464 saepissime
1087 3394 1121 3448 de
1137 3389 1310 3461 providentia

299 2777 364 2859 ipsa
386 2774 506 2856 virtus,
525 2773 585 2840 nisi
611 2766 723 2840 malum
746 2773 846 2855 adsit,
872 2790 940 2841 esse
963 2786 1065 2855 potest
1085 2775 1177 2857 (5).

304 3494 396 3570 divird
419 3495 529 3551 locutus
545 3484 610 3556 est,
638 3489 687 3544 ubi
709 3488 760 3543 Dei
791 3489 983 3556 existentiam,
1009 3501 1091 3556 quam
1120 3487 1254 3555 dicimus,
1281 3488 1311 3541 in

303 3605 392 3646 mente
416 3592 521 3646 habuit.
544 3587 610 3645 vid.
634 3602 649 3640 e
683 3599 713 3654 p.
738 3581 766 3643 1.
786 3602 819 3665 a.

362 3685 379 3755 ζ
390 3685 433 3756 3)
459 3685 495 3744 L·
519 3685 557 3741 Π.
585 3686 630 3755 [6ο

363 3778 433 3856 (4)
462 3779 500 3841 La
522 3785 561 3840 vo
583 3795 632 3839 ss·
655 3795 718 3850 ΜΝ.
737 3774 864 3834 ciam·
889 3788 936 3850 170
1383 3835 1386 3841 ,

361 3878 431 3955 (s)
465 3882 505 3936 11.
536 3883 572 3945 8,
595 3891 633 3947 9,
666 3891 721 3942 ra,
747 3888 794 3945 ¹7·
814 3877 851 3931 V.
872 3887 905 3943 7.
927 3870 994 3930 vn.
1019 3886 1048 3939 r.
1068 3876 1106 3931 ei.
1127 3874 1157 3931 de
1178 3879 1222 3937 int
1243 3881 1313 3947 Det,

308 3993 363 4045 aa,
396 3991 450 4049 rs,
473 3992 521 4035 20.
556 3973 627 4030 satis
661 3971 830 4028 manifestum
852 3982 914 4037 est,
938 3983 1076 4035 auctorem
1099 3969 1198 4029 malim
1222 3976 1313 4029 morale

304 4086 360 4125 nen
391 4075 500 4142 quidem
528 4087 593 4129 cuna
621 4069 741 4139 physica,
774 4066 849 4138 quod
881 4067 1000 4135 dicitur,
1034 4069 1112 4137 plane
1142 4070 1313 4132 confudisse,
1340 4070 1345 4087 ¹
1390 4144 1399 4149 ῃ

307 4152 357 4224 'aed
386 4166 421 4220 ab
450 4169 503 4226 hoe
538 4165 610 4226 iilud
638 4164 795 4235 derivasse,
810 4180 908 4237 ¹raeque
935 4177 1080 4238 atramque
1103 4164 1157 4235 ei,
1183 4164 1238 4235 qut
1261 4175 1310 4230 Ριῐ

549 4300 553 4307 r
1234 4267 1314 4321 erat,
