3126 5356
431 1641 1000 1731 tutissimos

238 2152 399 2315 Vaide
429 2250 560 2315 uerus,
597 2255 636 2300 ne
661 2235 758 2301 muiti
783 2234 879 2313 nujus
893 2224 1124 2317 'disputationis
1151 2236 1191 2300 ia·

235 2353 337 2405 atores
365 2345 469 2424 magis
491 2339 728 2424 comprobaturi
757 2341 822 2403 sint
849 2350 1071 2424 argumentum
1097 2334 1127 2406 a'
1145 2362 1192 2407 me

234 2452 431 2527 tractam,
467 2466 563 2534 quam
596 2447 663 2530 esus
698 2442 865 2512 tractandi
891 2448 1059 2513 rationem.
1102 2448 1192 2514 Nom

236 2551 394 2619 utimini
420 2563 451 2616 et
476 2564 594 2640 tempus
628 2550 730 2635 do‘uit
756 2564 788 2617 et
812 2551 958 2636 facultas
989 2562 1091 2618 omnes
1119 2574 1188 2620 eon-

235 2658 358 2727 suiandi
382 2656 500 2741 libros,
529 2680 662 2747 quorum
687 2660 776 2726 itotia
802 2656 852 2727 ad
874 2661 947 2726 ien'e
968 2659 1191 2728 elaborandam
1229 2685 1236 2701 ·

233 2767 317 2833 bono
352 2770 548 2854 scriptionem
582 2768 662 2831 miii
698 2770 875 2833 necessaria
909 2786 971 2834 esse
1000 2769 1191 2854 ridebatur,

8 2840 9 2929 J
107 2944 113 2950 ,
232 2875 285 2939 ita
300 2871 398 2962 probo
422 2874 554 2951 sentia,·
570 2885 693 2967 quanta
720 2875 756 2938 in
780 2886 827 2940 me
854 2887 885 2939 et
909 2875 1032 2959 ingenii
1056 2881 1110 2942 sit'
1127 2898 1190 2941 me·

228 2972 383 3047 'diurnas
409 2994 440 3044 et
455 2978 618 3046 doetrinae
642 2983 813 3067 exiguitas.
857 2976 1089 3067 Argumentum
1114 2987 1193 3053 mihi

231 3090 484 3175 commonstravit
505 3085 596 3154 Ciar.
625 3104 838 3156 nodemus.
881 3089 1081 3177 Scriptorum
1102 3089 1192 3156 haud

150 3214 156 3215 *
218 3204 356 3284 pauca,
377 3192 489 3279 quibus
506 3206 638 3272 uterer,
664 3191 801 3273 ejusdem
817 3192 915 3271 Viri,
939 3214 995 3259 neo
1011 3217 1073 3260 non
1086 3214 1189 3260 vm.

232 3318 301 3366 sou
329 3313 360 3360 et
385 3310 550 3360 mosomus
575 3298 770 3359 husnanitati
794 3294 895 3359 debeo.
946 3296 1017 3378 Tu,
1046 3301 1187 3368 Lectori

230 3408 265 3477 in
290 3399 474 3479 erroribus,
504 3400 562 3484 q'ui
597 3410 623 3464 a
654 3417 714 3463 me
736 3401 888 3465 commissi
912 3401 999 3482 sint,
1035 3402 1187 3491 benigne,

232 3504 570 3595 praemunimus
618 3532 623 3541 ·

272 3612 444 3700 Quidquid
472 3611 569 3679 nas
577 3613 613 3676 in
650 3608 861 3701 disputatione
889 3613 1085 3701 prebendam
1117 3630 1184 3702 est,

232 3716 300 3786 Tibi
329 3720 473 3806 inprimit
511 3730 669 3805 acceptum
713 3720 944 3800 refero,V1r.
978 3725 1086 3792 Celeb.
1119 3748 1188 3795 vum

232 3824 393 3894 mneos!
416 3826 499 3912 qui‚·
524 3842 717 3913 quamquam
739 3829 937 3910 gravissimis
964 3833 1100 3896 muneris
1127 3834 1188 3898 Yai

230 3935 362 4020 negotiis
390 3943 574 4019 occupatus,
600 3948 760 4018 nunquam
784 3953 845 3997 nan
873 3935 950 3999 mins·
976 3916 1188 4021 prudentissi·

222 4042 289 4115 mis
315 4037 391 4106 Tuis
415 4037 552 4123 adfuisti
571 4038 718 4103 consiliis.
763 4039 1024 4125 Quibussaotsnn
1040 4054 1105 4121 est,
1125 4063 1205 4131 nan„

211 4154 375 4229 tantum,
400 4158 442 4211 ut
460 4147 532 4212 ituic
561 4149 733 4279 scriptioni
747 4160 791 4213 aa
801 4150 1046 4214 constitueretur
1054 4150 1187 4233 forma,

231 4272 235 4279 ·
1124 4255 1193 4341 qud
1288 4292 1294 4307 ·
