3092 5350
654 384 697 430 i.
721 393 844 462 119-

252 567 434 655 irteliigetur
456 563 578 637 foruna
598 561 728 631 auctoris
751 563 828 631 satis
850 580 1015 646 prospere,
1039 562 1093 633 usn
1117 560 1240 650 reege-

121 750 126 759 χ
250 691 313 745 star
340 694 491 761 tamquam
515 674 624 743 vividis
641 673 795 742 coioribus
811 672 978 740 describere
995 686 1027 739 er
1044 688 1115 741 ante
1129 675 1237 741 oculor

154 797 159 803 ’
248 803 383 868 ponere,
419 801 582 865 earumque
612 770 739 849 emotus
764 795 795 847 m
831 800 910 864 quae
936 779 995 848 sibi
1019 783 1157 866 adjuncta
1182 784 1239 850 ht·

248 890 374 973 berem,
403 908 527 973 notare,
562 909 618 956 nec
644 907 708 955 non
733 894 840 973 genera
867 890 900 953 in
924 889 1040 970 speeies
1061 889 1240 957 distribuere

246 1002 381 1067 studeret
412 1000 430 1080 (
442 1001 496 1077 ι).
538 997 790 1077 comparationes
819 1012 964 1075 quoque,
1000 995 1065 1062 sire
1091 998 1241 1064 simulitu-

246 1107 353 1188 dines,
379 1104 491 1187 quibus
512 1100 589 1166 nihil
614 1115 682 1178 est,
707 1100 863 1179 quadres
889 1098 983 1183 mags
1009 1101 1099 1169 faeiat
1123 1105 1241 1197 perspi·

142 1290 145 1299 ¹
217 1232 340 1297 ‚tuas,
364 1208 494 1277 orationi
518 1222 592 1273 suae
618 1205 789 1289 adspersit,
815 1204 857 1271 ita
881 1219 1001 1287 tameo,
1030 1222 1065 1275 ut
1086 1211 1247 1279 nonnuliis

243 1320 275 1386 in
304 1319 381 1384 locis
412 1313 533 1383 nimiam
563 1313 675 1397 ingenii
703 1313 850 1389 luxuriam
881 1314 1036 1395 proderet·
1071 1317 1130 1407 ‘Sic
1153 1338 1185 1386 e.
1205 1337 1239 1388 e.

242 1440 438 1494 astronomos
478 1424 606 1493 altorum
642 1416 774 1489 ludibrio
809 1440 960 1504 exponere
997 1423 1124 1504 volens,
1154 1424 1241 1492 uthis

244 1548 411 1615 numquam
437 1528 539 1608 visae,
562 1544 593 1594 et
612 1544 729 1611 praeter
745 1548 857 1596 nomen
871 1530 960 1612 plane
977 1529 1145 1613 incognitae
1163 1531 1240 1596 irene

247 1639 413 1723 proposuit
455 1632 702 1703 similitudinem:
760 1681 781 1716 „
803 1636 983 1704 Verosiurile
1005 1650 1054 1705 est
1081 1637 1243 1720 (urbem)

233 1752 268 1828 3,
287 1747 368 1812 illam
399 1744 435 1810 in'
463 1745 557 1827 plano
589 1745 700 1829 sitam,
739 1745 862 1829 lapideis
885 1745 1065 1824 moenibus,
1097 1745 1242 1821 aedificiis

243 1858 265 1934 ,'‚
286 1853 465 1923 sublimibus
477 1886 495 1934 ,ι
521 1850 578 1918 viis
605 1852 767 1934 pluribus,
797 1851 960 1935 magnificis
983 1851 1161 1933 ornatisque
1185 1853 1241 1919 de·

243 2003 264 2038 „
286 1959 393 2027 lubria.
436 1959 675 2041 Describam,
711 1959 737 2024 si
763 1952 882 2041 piacet,
914 1974 1015 2025 morer
1040 1957 1254 2040 tantumque

242 2107 264 2146 „
284 2064 407 2131 civium.
452 2064 514 2126 Sed
550 2081 647 2143 quum
682 2062 766 2127 haee
792 2059 977 2143 dixerimus,
1014 2061 1092 2129 alius
1130 2080 1237 2131 eontra

243 2212 266 2251 „
285 2168 469 2250 disputabit;
498 2182 529 2232 et
553 2184 648 2249 quum
675 2168 725 2233 nte
749 2186 875 2250 quoque
899 2171 1103 2253 peroraverit,
1130 2186 1235 2255 surget

246 2320 267 2356 „
289 2275 419 2373 tertius2
435 2285 475 2373 et
499 2273 550 2338 aiii
574 2274 737 2357 deinceps3
768 2291 799 2340 et
823 2279 1028 2359 opinabuntur
1055 2280 1148 2347 muita
1173 2281 1236 2348 dis·

242 2427 263 2463 „
284 2380 388 2465 paria,
428 2401 517 2464 quam
558 2401 616 2450 nos
656 2405 765 2454 sumus
792 2388 918 2470 opinati.
960 2390 1045 2477 Quid
1076 2408 1150 2474 ergo
1178 2393 1235 2458 erit

241 2502 320 2571 „ex
350 2489 492 2557 omnibus
520 2491 649 2559 verius?
690 2495 831 2563 Fortasse
856 2496 944 2562 nihii.
970 2526 1014 2547 ·-·
1037 2497 1128 2564 stum
1155 2508 1233 2581 ergo

240 2641 261 2673 „
281 2600 408 2676 sumus3
437 2595 470 2664 si
489 2596 548 2663 hoc
578 2599 780 2680 disputatione
806 2601 1014 2683 quaeramus”
1039 2603 1125 2684 (a).
1167 2603 1232 2669 usi

236 2701 330 2782 igitur
359 2704 480 2764 temere¹
514 2705 663 2773 sumsisse
692 2707 863 2768 censendus
894 2720 963 2783 est,
996 2707 1138 2774 ridendos
1163 2728 1238 2776 esse
1326 2714 1330 2722 '

234 2810 303 2872 esse
345 2807 414 2871 illos
453 2804 593 2875 homines
636 2803 691 2884 qui
722 2819 754 2870 et
796 2820 925 2889 corpora
964 2810 1230 2895 coelestianum·

236 2931 325 2993 qmm
351 2913 449 2983 oculis
473 2892 676 2994 lustrassent}
690 2927 722 2978 et
746 2914 787 2979 ad
802 2914 1008 2998 coguitionem
1026 2937 1088 2987 nou
1109 2935 1226 2988 mutum

233 3021 350 3089 formae
372 3039 538 3105 motusque
553 3042 680 3102 eorum,
709 3023 764 3089 aed
777 3022 911 3090 internae
926 3023 1013 3091 etiem
1032 3043 1137 3095 mrum
1152 3046 1229 3095 tou·
1257 3085 1264 3098 .

233 3130 356 3197 ditionis
385 3142 542 3214 penetrare
568 3130 690 3194 velient.
768 3174 772 3181 ·

274 3239 382 3304 Verba
406 3238 491 3316 quod
521 3234 651 3317 attinet,
673 3234 726 3319 qui
764 3221 805 3301 ad
824 3235 981 3305 Romanos
1004 3239 1144 3307 hommes
1158 3258 1229 3323 per·

231 3345 337 3428 spicue
363 3345 494 3413 scribere
519 3346 615 3429 velit,
644 3362 769 3413 necesse
788 3360 854 3418 est.
885 3361 921 3415 ut
943 3349 1020 3415 bene
1044 3346 1133 3413 latine
1150 3347 1225 3414 'scri-

231 3452 321 3551 irendi
346 3455 502 3522 studiosus
527 3455 580 3521 sit.
623 3454 724 3543 Quam
749 3455 866 3521 iaudem
897 3475 986 3522 nemo
1020 3454 1107 3522 faciie
1141 3448 1236 3523 dixe·'

229 3558 270 3623 rit
290 3543 558 3632 Laurentium
584 3563 697 3647 ubique
713 3565 852 3633 locorum
876 3550 1013 3647 meritum
1033 3586 1112 3634 esse.
1155 3567 1223 3633 Vo-

229 3666 335 3733 cabula
354 3688 463 3752 nempe
485 3685 603 3755 praeter
627 3672 834 3741 necessitatem
860 3674 975 3755 usitat,
1003 3693 1080 3758 quae
1110 3673 1222 3741 Cice·

203 3764 206 3773 ’
230 3773 353 3842 tonis
381 3791 476 3847 aetate
505 3779 594 3864 plane
615 3777 767 3863 incognita
795 3779 949 3866 fuerunt,
963 3798 1015 3861 aut
1039 3784 1222 3869 inpugnitam

1183 3911 1228 3959 118¹

279 4091 347 4165 (ι)
372 4097 406 4153 L·
430 4099 466 4154 v·
490 4111 535 4168 rt·
557 4115 588 4170 s·
613 4074 888 4173 memora-n·
904 4102 1050 4177 issem

231 4238 237 4253 .
280 4189 350 4264 (a)
373 4186 408 4250 ιζ
429 4194 489 4253 111:
505 4206 540 4267 3.
