3126 5356
680 358 846 426 -„-

263 524 403 606 tumis,
440 520 610 606 Epicuri
631 483 788 607 nempe,
817 487 1102 609 nythagorse,
1136 513 1280 617 Zeno-‚¹

263 636 353 711 nis,
393 632 606 711 Socratis,
643 630 864 724 Plitonis,
904 631 1148 710 Democriti,
1184 628 1261 696 alio·
1379 710 1383 719 Α

262 759 390 822 rumque
417 759 509 808 unam
538 732 699 807 alterumve
736 737 914 806 sententiam
954 737 1016 804 sibi
1052 738 1260 835 displicentem

261 862 403 914 enarmns
437 860 468 910 et
492 842 642 914 refutans.
683 845 779 913 Porro
808 844 998 928 Religionem
1031 844 1262 941 Christianum,

209 970 214 987 ¹
259 968 367 1034 utpote
393 951 569 1020 bominibus
594 952 739 1022 omnibus
766 953 1045 1032 accommodatam,
1074 950 1169 1034 inque
1196 950 1262 1032 ani,
1293 942 1296 949 ’

260 1076 329 1123 mos
359 1075 462 1124 eorum
493 1059 660 1141 efficacem,
688 1076 719 1127 et
746 1060 923 1128 auctoritate
958 1057 1061 1126 divini
1091 1057 1284 1138 nitentem,¹
1332 1093 1339 1110 ι

142 1219 147 1225 ,
260 1162 456 1247 philosophia
489 1165 582 1249 longe
607 1165 795 1246 superiorem
830 1183 899 1232 esse
934 1164 1042 1231 docete
1081 1176 1173 1248 atque
1210 1161 1263 1231 his
1324 1168 1329 1181 '

259 1270 403 1338 omnibus
443 1268 666 1336 acerbissimam
719 1269 801 1337 addit
844 1269 1108 1355 reprehensionem
1160 1268 1263 1354 pbiloe
1317 1271 1324 1285 ¹

259 1378 452 1461 sophorum,
482 1377 538 1459 qui
563 1376 665 1444 omnia
686 1392 809 1446 naturae
835 1379 884 1446 vel
907 1376 1049 1446 fortunae
1076 1374 1228 1469 tnbuant,

302 1483 404 1549 Pn’ore
429 1481 522 1564 igitur
553 1480 796 1553 Institutionum
832 1483 1029 1553 Divinarum
1060 1498 1145 1566 parte
1170 1484 1264 1549 abso·

260 1588 349 1668 luta,
389 1585 637 1654 Lactantius
671 1589 710 1655 ab
743 1589 829 1656 initio
863 1589 933 1656 libri
960 1586 1082 1671 quarti,
1111 1587 1150 1651 dt
1181 1583 1262 1657 ont

259 1691 422 1781 sapientid
445 1691 544 1774 dicti,
572 1695 693 1762 alteram
725 1714 828 1764 earum
863 1708 980 1778 partem
1014 1692 1138 1774 incipit,
1177 1695 1261 1774 qui,
1297 1698 1302 1709 “

171 1880 178 1888 ,
259 1817 414 1885 utsupra
443 1798 641 1882 monuimus,
664 1799 785 1883 Religio
806 1800 978 1868 Christiana
1001 1817 1020 1864 a
1049 1797 1262 1887 conmdictio·

258 1909 350 1977 nibus
389 1908 556 1977 vindicetur
589 1922 620 1974 et
654 1909 762 1978 exteris
806 1906 980 1975 hominibus
1006 1904 1300 1983 ,commendemus

196 2098 199 2103 ¹
258 2017 458 2104 Argumentis
479 2006 583 2083 sutem
604 2015 636 2081 in
661 2015 972 2099 modiumcprolatis,
1002 2011 1117 2094 quibus
1135 2011 1262 2079 demon·

257 2138 366 2191 stratet
399 2123 575 2206 religionem
604 2140 705 2189 veram
739 2140 811 2189 cum
846 2119 994 2201 sapientia
1025 2136 1093 2184 esse
1131 2118 1261 2199 conjun-¹

260 2245 363 2309 ctam,
390 2229 521 2295 diuinam
547 2225 646 2309 Jesu
685 2223 851 2291 Christi
887 2222 999 2304 probat
1034 2223 1257 2299 auctoritatem,

259 2333 413 2413 Primum,
445 2348 541 2412 pauca
570 2325 722 2410 praefatus
751 2331 790 2396 de
812 2328 946 2410 antiquis
974 2328 1182 2395 Hebraeorum
1205 2345 1257 2395 va·

261 2438 365 2518 tibus,
406 2432 586 2504 Christo
619 2450 756 2502 naturam
797 2452 828 2502 et
862 2436 992 2502 divinam
1027 2450 1057 2500 et
1097 2436 1258 2507 humanam

256 2546 384 2624 tribuit,
424 2560 489 2609 non
526 2543 627 2610 solum
663 2544 702 2608 ad
737 2542 923 2608 Litterarum
955 2541 1112 2609 Sacrarum
1142 2560 1258 2626 provo-

257 2670 328 2721 cans
363 2647 597 2732 auctoritatem,
632 2636 687 2715 sed
719 2648 808 2714 etiam
846 2647 884 2715 ad
919 2646 1134 2717 Mercurii
1168 2646 1261 2719 Tris·

255 2761 405 2845 megisti,
442 2755 643 2838 Sibyllarum
686 2755 875 2836 aliorumque
908 2755 1102 2847 testimonia.⁴
1135 2755 1257 2827 Eodem

187 2901 190 2911 2
256 2867 351 2934 modo
381 2861 538 2953 historiam
573 2862 677 2949 Jesu
710 2861 751 2929 ita
773 2858 991 2945 persequitur,
1022 2874 1060 2928 ut
1097 2861 1258 2926 ostendere

258 2987 406 3054 conetur,
434 2970 572 3054 singula,
603 2967 760 3052 quaein,
782 2967 855 3034 dum
872 2966 928 3032 bac
951 2965 984 3033 in
1010 2979 1089 3046 terra
1114 2962 1256 3055 vivebat,

256 3078 458 3165 contigerint,
487 3074 592 3143 multis
616 3088 687 3143 ante
709 3073 823 3141 seculis
846 3071 945 3140 fuisse
966 3071 1130 3156 praedicta.
1159 3065 1256 3139 Nunc

254 3208 329 3259 uero
353 3187 410 3255 tria
430 3195 688 3271 commemorat,
718 3178 757 3243 ab
785 3177 961 3243 aiiversariis
983 3177 1136 3261 Religioni
1163 3174 1258 3242 Chri·

259 3294 373 3361 suante
395 3285 560 3371 opposita3
577 3267 818 3369 primum,qui
843 3281 949 3359 dicat,
969 3283 1071 3348 Deum
1086 3283 1257 3364 ,homlnetn

200 3396 204 3404 '
257 3418 325 3466 esse
355 3395 494 3474 fuctum,
519 3394 624 3463 >dicere
645 3393 731 3475 quod
755 3412 795 3459 eo
820 3392 1065 3478 indignumsitg
1094 3391 1257 3473 alterum,

255 3502 355 3572 mucis
388 3500 573 3585 supplicium
605 3499 781 3569 Christo
817 3499 932 3568 illatum
963 3502 1031 3588 eius
1054 3494 1187 3582 caussie'
1204 3497 1260 3573 ad·

254 3628 396 3693 spergere
432 3610 600 3694 maculamg
620 3611 776 3691 tertium,
802 3623 938 3677 naturam
971 3612 1039 3698 ejus
1060 3612 1191 3680 divimm
1212 3629 1258 3679 re·

255 3734 402 3803 pugnare
417 3717 592 3800 doctrinae,
621 3717 724 3786 Deum
749 3706 815 3785 esse
841 3737 950 3791 unum.
975 3721 1117 3809 'Quibus
1138 3732 1259 3785 contra·

155 3913 157 3916 y
255 3822 439 3892 dictimibus
463 3824 616 3910 repulsis,
648 3812 766 3892 exteros
800 3825 938 3894 homines
968 3828 1168 3905 adhortatur,
1196 3843 1288 3907 ne,
1338 3806 1348 3817 Ι

255 3929 283 3996 si
317 3929 483 3998 Christi
515 3945 678 4000 sectatores
717 3929 783 4000 fieri
806 3929 940 4015 vellent,
971 3933 1188 4002 haereticorum
1210 3951 1258 3998 se·

114 4026 120 4039 ⁴
237 4035 314 4101 ctis
340 4054 376 4101 se
400 4037 610 4120 adjungerent.
1178 4081 1183 4093 ·

298 4141 394 4212 Liber
419 4141 545 4225 quintus
560 4143 805 4227 tlisputttionem
843 4142 981 4221 continet
1012 4145 1053 4215 tit
1074 4142 1237 4230 institit,

704 4272 709 4295 ι’
756 4255 785 4321 C
806 4274 826 4320 2
1184 4269 1262 4333 quae
