3126 5356
733 423 898 470 ...η-.-

318 595 387 657 esse'
410 584 562 675 negaverit
586 579 799 669 scriptionem,
818 589 894 668 'qua
918 602 980 651 non
1013 586 1118 690 splum'
1143 587 1311 656 refutentur
1331 597 1358 659 “,

317 712 451 764 veterum
472 699 510 763 de
537 696 606 769 Deo
626 694 777 776 rebusque
802 682 909 759 divinis
941 697 1122 775 sententiae,
1149 698 1202 761 sed
1229 696 1312 762 Reli·

221 800 223 803 ’
321 804 421 885 gionis
442 800 530 878 ‚etiam
557 800 746 869 Christianae
769 815 799 865 et
825 800 989 885 explicetur
1021 801 1156 867 doctrina
1183 814 1213 866 et
1237 802 1313 867 divi·

320 911 398 978 nitas
426 910 605 992 probetur..
628 907 895 975 Laurentium
927 927 1000 974 vero
1028 910 1098 975 hoc:
1122 908 1178 974 sibi
1198 924 1312 991 propo·

322 1018 440 1095 suisse,
463 1018 523 1098 jam
550 1013 636 1097 ipse,
660 1033 749 1096 quern
769 1015 841 1081 ⁴suis
870 1014 954 1083 libris
980 1004 1153 1096 inscripsit,
1179 1033 1237 1080 nos
1259 1016 1316 1080 do·

318 1138 380 1186 eet=
402 1114 640 1215 Institutionum
668 1119 776 1186 titulus
799 1121 842 1203 (1
857 1120 889 1202 ).
947 1120 1043 1206 Quod
1069 1114 1099 1185 et
1128 1122 1246 1185 diserte
1263 1122 1320 1186 de··

327 1229 482 1307 claravit,
499 1227 546 1294 lais
570 1242 660 1295 utens
683 1227 784 1294 verbis
796 1250 815 1295 ι·
831 1273 852 1309 „
875 1229 966 1311 Aliud
980 1242 1027 1294 esa
1043 1225 1252 1293 accusantibus
1267 1246 1313 1292 re·
1331 1236 1334 1241 “

320 1323 533 1418 ,,ἐροιιάιιι,
561 1337 645 1417 quod
672 1335 905 1402 in''deiensioue
926 1353 978 1402 eut
993 1334 1151 1418 negatione
1173 1336 1240 1400 sola
1257 1353 1314 1416 po·

318 1487 341 1523 „
363 1443 455 1507 situm
484 1455 551 1522 est,
579 1442 661 1509 aliud
690 1430 880 1524 instituere,
907 1441 991 1524 quod
1017 1452 1074 1507 uos
1099 1438 1249 1521 facimus,
1270 1439 1313 1503 ¹in

320 1594 342 1628 „
363 1540 574 1630 quo‘necesse
601 1563 685 1630 est,<
701 1549 853 1615 doctrinae
893 1548 986 1643 totius
1009 1547 1209 1621 substantiam
1241 1563 1316 1613 con·

318 1699 339 1734 „
359 1656 445 1721 tineri
467 1661 484 1737 (
495 1654 614 1740 2).’'‘2
629 1650 724 1740 Quod
751 1649 879 1722 non-'ita
904 1654 1000 1737 accipi
1026 1654 1137 1731 debet,
1167 1672 1201 1718 ac
1218 1653 1244 1718 si
1261 1652 1313 1718 ali·
1360 1671 1363 1677 ’

213 1760 215 1763 ’
318 1762 403 1838 quod
431 1761 585 1823 doctrinae
610 1777 747 1839 corpus,
769 1775 804 1823 ut
821 1773 927 1839 postea
949 1760 1093 1838 temporis
1115 1755 1312 1834 factumest,

315 1864 506 1946 compingere
527 1859 670 1928 voluerit.
713 1863 783 1944 lpse
801 1865 879 1929 enim
901 1863 1045 1945 scripsitr
1072 1908 1092 1942 „
1114 1856 1314 1929 Tantumne·

281 2013 287 2027 ·
319 2016 341 2051 ‚,
362 1973 417 2036 do*
441 1969 629 2037 instituendi
660 1968 750 2036 nobis
783 1970 922 2035 homines
957 1984 1068 2048 erunt,
1098 1970 1261 2049 hoez‘est,
1274 1968 1312 2033 ab

252 2095 254 2099 ·
318 2124 339 2158 „
361 2097 483 2159 errore,
506 2096 570 2159 quo
594 2091 666 2143 suut
684 2075 853 2158 implicati,
876 2076 913 2141 ad
939 2074 1096 2141 rectiorem
1122 2075 1199 2142 viam
1224 2095 1313 2143 revo-

268 2180 270 2186 ’
319 2224 342 2264 „
361 2185 481 2265 candia·
499 2183 583 2264 quod
603 2172 633 2258 'si
659 2179 831 2263 fuerimus,
858 2198 893 2248 ut
922 2196 1035 2264 spero,
1062 2183 1216 2266 adsecuti,
1245 2183 1314 2248 mit·
1352 2202 1355 2209 ’
1413 2188 1418 2198 ’

317 2308 339 2370 „
361 2307 458 2356 temus
486 2309 540 2355 eos
563 2290 726 2374 adipsum
748 2281 901 2361 doctrinae
930 2291 1113 2357 uberrimum
1140 2311 1181 2356 ac·
1200 2284 1312 2372 pieriis·

280 2412 338 2477 ss„
359 2398 468 2463 simum
501 2396 617 2464 fontem
643 2398 755 2481 (3).”
797 2400 857 2464 Sed
890 2398 1080 2482 Religionem
1111 2399 1310 2466 Christianam
1398 2388 1400 2393 ‘

312 2507 354 2568 ita
377 2507 456 2569 tueri
473 2504 532 2568 sibi
551 2506 739 2586 proposuit,
759 2523 794 2572 ut
817 2525 906 2585 nemo
929 2506 1002 2584 quid
1026 2502 1226 2585 desideraret,
1247 2524 1310 2583 quo

270 2669 274 2678 .
313 2622 343 2675 et
374 2608 582 2673 refellerentur
605 2608 875 2693 antiquioresque
897 2610 1078 2687 adversarii,
1096 2620 1126 2672 et
1142 2608 1312 2689 posteritati

313 2713 412 2780 omnis
440 2711 661 2778 contradicendi
686 2714 775 2779 'locus
795 2713 1014 2798 praeriperetur
1034 2713 1124 2800 (4).
1141 2704 1311 2813 'Quodam
1352 2768 1354 2779 .

311 2823 412 2903 modo,
440 2819 576 2905 quidem
595 2839 666 2889 cern
699 2818 934 2891 'Lactantio
974 2821 1141 2908 comparari
1174 2837 1309 2888 'meretur

614 2956 616 2963 r
648 2932 650 2939 ’
1211 2931 1309 2995 alr·

362 3161 423 3232 (ι)
445 3160 511 3218 vid.
530 3159 566 3221 L.
583 3164 605 3220 1.
625 3175 650 3220 ι.
666 3180 695 3233 p.
710 3174 740 3230 7.
755 3158 798 3235 sq,
813 3165 857 3220 eff.
876 3163 906 3217 de
921 3162 966 3234 ira
979 3152 1005 3219 c.
1025 3178 1068 3221 ar.
1084 3170 1309 3234 paoem-17:

306 3278 336 3332 p.
355 3267 436 3330 ¹07⁸·
451 3245 565 3330 apuam
587 3260 673 3330 prael.
691 3276 719 3329 p.
746 3273 830 3317 reae.
852 3254 915 3316 cie.
932 3261 961 3314 de
979 3262 1055 3315 orat.
1069 3261 1110 3316 11.
1132 3273 1158 3318 ι.
1173 3258 1256 3331 apae.
1274 3262 1310 3314 ad

306 3362 344 3430 ρ.
365 3346 454 3415 Frate.
478 3356 503 3415 Ι.
528 3372 554 3415 ι.
576 3350 608 3413 ὀ.
641 3356 740 3412 Minus
763 3371 854 3413 autern
877 3360 945 3420 berae
968 3359 1051 3414 latine
1077 3352 1310 3412 Lactantius

305 3465 370 3508 auos
399 3453 482 3507 libros
503 3455 675 3508 Institutione
696 3450 781 3505 dixit.
819 3455 893 3507 Haec
916 3455 989 3506 enlm
1007 3466 1066 3505 vox
1087 3450 1186 3518 plurali
1217 3465 1309 3507 nume·
1357 3442 1363 3451 ’

305 3562 357 3614 ro,
382 3561 430 3602 aut
459 3538 550 3616 plures
576 3547 711 3617 significat
739 3547 893 3627 doctrinas,
927 3561 1017 3604 aute
1045 3532 1168 3615 pluribus
1193 3545 1308 3604 humini-

305 3642 355 3699 bus
378 3644 582 3712 prouensfef.
603 3643 674 3699 'cro
695 3643 728 3698 aa
742 3644 911 3703 ‚antemon
930 3642 957 3698 l.
974 3653 1006 3713 4.

363 3736 433 3812 (a)
460 3737 499 3797 Ι..
516 3741 554 3797 V.
571 3754 601 3808 4.
920 3730 924 3731 ’

362 3836 378 3905 (
388 3838 431 3906 3)
457 3820 549 3893 L.'1.'
566 3850 593 3892 ι.
612 3837 715 3892 Nescio
729 3850 838 3904 aarum,
862 3852 896 3893 aur
913 3836 1044 3891 librorum
1060 3837 1202 3907 inscriptio
1218 3842 1307 3897 minus
1326 3892 1330 3899 Ι

304 3931 442 4004 intellecta
467 3934 588 3992 fraudent
610 3936 705 3990 fecerit
728 3937 796 3991 Viro
819 3935 868 3992 Cl.
889 3938 935 3992 W.
966 3937 1183 4016 Munscher,
1216 3941 1307 3997 Iiaad·

303 4031 372 4106 dated
386 4031 551 4095 deaderistl.
566 4032 823 4104 Dogmeagmlaclae
847 4035 883 4092 Τ.
907 4029 931 4092 Ι.
954 4050 984 4111 p·
1002 4038 1068 4105 lii·
1088 4033 1154 4094 edit,
1175 4035 1222 4102 alt.

360 4118 429 4204 (⁴)
455 4129 491 4192 Β·
513 4132 549 4190 V·
570 4146 600 4204 ι·
762 4170 766 4178 ·
