3092 5350
675 296 856 357 3111!-

269 473 535 561 suntlcrepusculi
569 471 720 539 tenebrae.
760 472 1011 543 Lactantius
1036 492 1109 545 vero
1136 474 1169 542 in
1193 471 1255 569 pie·

266 585 372 667 risque
393 582 491 663 locis,
526 595 556 646 et
578 578 679 648 verbis
705 593 794 646 utens
817 581 896 650 bene
923 581 1044 664 latinis,
1072 599 1102 650 et
1125 598 1253 657 ›santen-

259 691 319 759 tiis
343 691 460 776 planis,
478 704 508 756 et
527 692 610 756 reeta
632 687 793 757 verborum
809 704 840 756 et
856 691 1067 761 sententiarum
1081 691 1252 779 smutturd,

265 799 485 883 perspicuitate
508 801 564 867 sud
588 818 622 865 se
650 796 804 882 insigniter
832 800 1055 871 commendata·
1079 798 1177 882 Cujus
1207 795 1253 863 rei

263 907 325 990 jam
347 894 517 990 exemplum
546 906 640 988 prima
667 904 814 971 librorum
838 908 903 989 eins
929 902 1254 988 verbapraebentlu-

264 1012 521 1104 calentissimumr
544 1032 547 1039 ’
567 1055 588 1089 „
609 1010 750 1091 Magno,
786 1009 908 1091 inquit,
940 995 972 1075 et
992 1009 1146 1076 excellenti
1171 1009 1254 1092 inge·

270 1121 364 1199 „nio
399 1120 474 1199 viri,
515 1122 609 1197 quum
639 1135 683 1182 se
727 1117 878 1183 doctrinae
910 1118 1033 1199 penitus
1073 1113 1255 1191 dedidissent

266 1269 289 1306 „
310 1224 458 1309 quidquid
477 1220 588 1287 laboris
612 1234 732 1303 poterat
753 1221 904 1306 impendi,
920 1223 1096 1293 contemtis
1112 1224 1253 1299 omnibus

268 1376 291 1414 „
311 1347 341 1396 et
362 1328 496 1413 privatis.
508 1343 539 1394 et
565 1328 697 1412 publicis
719 1329 908 1413 actionibus,
937 1333 975 1404 ad
994 1331 1188 1413 inquirendae
1202 1350 1256 1420 ve·

269 1481 292 1522 „
310 1436 404 1503 litatis
426 1435 560 1503 studium
586 1437 800 1519 contulerunt;
834 1437 1057 1523 existimantes„
1086 1438 1183 1503 multo
1206 1454 1254 1503 ea·

265 1589 289 1625 „
310 1564 344 1610 se
371 1536 567 1626 praeclarius,
597 1544 793 1611 humanarum
826 1544 1053 1626 divinamque
1083 1558 1184 1613 terum
1209 1539 1255 1607 in·
1337 1547 1342 1556 '

267 1695 289 1730 „
309 1649 457 1734 vestigare
479 1669 518 1716 ac⁴
539 1650 617 1717 scire
634 1652 800 1730 rationem,
830 1670 921 1737 quam
945 1646 1254 1732 struendisoptbus,
1275 1698 1276 1701 ,

266 1772 362 1839 „aut
383 1756 572 1825 cumulandis
598 1758 768 1842 honoribus
793 1758 957 1827 inhaerere.
965 1757 986 1789 ’'
1112 1770 1127 1827 ’,
1177 1770 1181 1777 ’
1225 1786 1249 1829 ,ι

248 2017 263 2055 „2
303 1954 546 2053 Perspicuiratem
573 1985 673 2041 autem
698 1971 930 2038 Lactantll.
951 1974 991 2037 ad
1017 1974 1084 2053 ojus
1113 1970 1255 2036 rumita-

262 2091 324 2163 μω
349 2081 481 2145 multum·
500 2077 673 2156 ,conferre,
694 2078 792 2142 dicere
819 2096 883 2144 non
903 2090 991 2158 ‘opus
1023 2088 1082 2141 est.
1123 2075 1167 2143 Er
1184 2092 1256 2140 sane

266 2195 421 2263 quotquot
454 2181 638 2261 antiquitatis
679 2182 852 2265 elegantiam
884 2184 916 2249 in
937 2182 1059 2251 'deliciis
1076 2179 1255 2261 babebante,

257 2289 335 2383 ‚quis
363 2287 501 2366 dubitet,
532 2286 606 2367 quin
633 2305 825 2371 magnopere
867 2287 1000 2358 auctoris
1030 2285 1166 2357 delectati
1192 2285 1256 2357 sint

255 2394 413 2473 dictione,
437 2413 527 2475 quarn
553 2393 694 2463 dictionis
723 2395 959 2465 Ciceronis,
978 2393 1161 2477 imitatricem
1187 2410 1256 2461 esse

255 2499 420 2581 ,viderentl
464 2499 580 2577 Deinde
615 2495 779 2568 lectoribus
803 2516 926 2585 gratum
947 2499 1027 2571 *fecit
1051 2514 1158 2567 auctor
1189 2510 1257 2567 mo·

232 2620 239 2636 ·
262 2609 378 2686 denia,=
407 2607 470 2688 qua
494 2607 531 2672 de
561 2626 595 2673 se
617 2607 769 2691 animique
787 2607 1011 2688 facultatibus,
1027 2622 1069 2679 fet
1084 2606 1168 2675 libris
1188 2606 1254 2675 suis

258 2717 461 2795 loquebatur,
489 2727 519 2775 et
548 2732 617 2794 erga
633 2698 726 2778 'alios
748 2716 889 2781 utebatur
913 2716 1010 2794 (ι),
1040 2713 1124 2781 velut
1155 2712 1256 2795 philo.-

255 2821 396 2908 sophos,
434 2836 572 2899 quorum.
604 2817 715 2899 scripta
750 2838 799 2887 se
813 2817 928 2902 magni
944 2817 1042 2895 facere
1075 2820 1253 2886 declarabat.

168 3000 172 3010 ⁴
258 2923 423 2995 Fatendum
454 2937 553 2989 tamen
577 2936 646 3003 eat,
679 2941 748 2988 aum
772 2922 937 2995 suavitatis¹
952 2922 1154 3014 immemorem
1177 2920 1255 2989 fuis-

255 3031 392 3114 se,·ubi
426 3047 563 3096 summos
601 3027 784 3108 antiquitatis
823 3029 907 3095 viros
945 3026 1145 3101 acerbissimis
1176 3028 1283 3110 pern„
1326 3018 1342 3037 ⁷

257 3139 423 3218 conviciis,
444 3149 474 3201 et
496 3136 528 3200 in
559 3135 745 3201 aduersarios
775 3135 1023 3203 Christianorum„
1042 3135 1183 3202 acerrime
1203 3135 1252 3203 in·

257 3244 397 3323 vehitur,
433 3259 488 3306 eos
516 3257 597 3317 nume
623 3241 781 3306 criminum
817 3241 1032 3334 horrendorum
1066 3243 1249 3325 postulans,

257 3367 342 3417 nunc
371 3347 484 3414 stultos
510 3361 541 3412 et
566 3344 710 3413 ridiculos
742 3363 811 3412 esse
843 3347 1000 3427 clamans,
1036 3362 1168 3433 cumque
1184 3365 1252 3418 tat·

256 3453 387 3541 pissimis
409 3453 485 3522 adeo
502 3453 607 3522 bestiis
623 3454 865 3537 comparans(a
872 3453 1043 3542 ).Quod
1063 3456 1233 3538 equidem
1223 3476 1250 3525 rs
1271 3521 1274 3527 ,

225 3583 321 3653 non
343 3583 434 3645 sum,
456 3561 511 3644 qui
532 3562 667 3631 excusari
686 3561 812 3629 nolim
804 3580 834 3627 m
857 3562 946 3644 viro,
967 3564 1055 3649 qu'us
1081 3577 1150 3630 ante
1175 3582 1251 3633 ocu·

256 3673 307 3793 los
344 3666 547 3742 recentissima
584 3668 684 3738 adhuc
721 3670 876 3759 obversata
915 3668 978 3737 sint
1007 3670 1104 3837 mala,
1138 3671 1249 3770 quibus

829 3850 834 3865 .
892 3763 1253 3873 Ι,.ι>1ὀ·

242 3852 788 3985 (οΒΠ.ῳ.Μιὼ
883 3924 918 3975 ,·
1300 3909 1306 3915 “

315 3860 1255 4084 (2)vre.n.v.11.vr.11.rtoaeuanpl2ralpmoar
1304 3955 1307 3959 ·

224 4114 290 4199 ax
313 4100 367 4172 ila,
393 4115 462 4172 quae
486 4113 564 4168 supra
588 4098 836 4169 disponuntur·
862 4101 885 4160 Ι.
909 4105 961 4170 Ω.
966 4105 1040 4167 lun
1062 4106 1151 4168 u.
