3126 5356
625 411 818 477 .-ψ

47 679 50 686 Ι
164 592 189 650 ’,
242 580 342 668 Quam
365 590 522 662 utramque
547 597 618 648 cunr
641 576 819 663 apologetae
842 576 1025 659 antiquiores
1054 575 1127 663 (ι)
1152 592 1262 646 teor·v

243 690 301 752 sim
329 699 454 754 tractare
484 686 582 769 vulgo
608 683 811 771 neglexerim,
841 681 873 747 in
898 683 960 748 hoc
989 681 1156 755 inciderunt
1189 682 1241 773 in·

243 795 464 874 commodum,
486 791 593 874 quod,
626 790 733 861 animis
761 805 868 859 eurum
897 788 1024 871 studio,
1050 789 1240 861 adversarios

242 916 301 964 suo
328 911 470 978 tanquam
500 895 599 979 gladio
627 894 809 980 jugulandi,
838 893 1008 978 calefactis,
1038 909 1071 962 et
1103 897 1162 980 ipsi
1189 916 1240 963 oa·

243 1019 345 1071 rerent
368 1001 526 1086 prudentia
558 1001 597 1069 ad
622 1018 723 1087 partes
746 1019 817 1068 suas
843 1001 970 1075 naeudm
996 1002 1189 1084 necessarii,
1207 1014 1243 1068 et
1304 1082 1307 1087 g

244 1112 308 1178 aliis
334 1112 518 1179 voluntatem
556 1111 781 1193 praeriperent,
809 1121 1006 1191 argumenta,
1035 1106 1149 1191 quibus
1175 1119 1243 1174 ute·
1288 1197 1292 1205 ¹

243 1215 374 1297 bantur,
404 1216 519 1300 placide
543 1229 574 1280 et
605 1216 720 1282 sincere
746 1215 942 1282 examinandi.
984 1214 1245 1283 Lactantius
1307 1212 1321 1226 ‘

242 1345 316 1393 vero
348 1323 386 1389 ab
418 1321 571 1390 erroribus
612 1321 782 1392 refellendis
823 1324 993 1407 iucipiens,
1027 1322 1166 1390 homines
1203 1321 1245 1391 ad

244 1449 369 1497 caussae
403 1428 592 1497 Christianae
627 1427 832 1497 defensionem
863 1443 944 1497 recte
974 1432 1186 1499 aestimandam
1211 1445 1246 1497 et

245 1536 391 1619 benevole
409 1534 612 1618 accipiendam
643 1536 843 1621 praeparavit.
884 1537 1040 1606 Praeterea
1055 1552 1161 1604 auctor
1175 1536 1247 1619 phi·
1357 1572 1362 1589 ·

246 1643 449 1725 losophorunr
481 1641 591 1724 placita
630 1660 649 1708 a
682 1642 768 1724 vulgi
813 1643 1051 1724 superstitione,
1099 1657 1245 1726 externa,

247 1751 360 1836 quibus
392 1747 546 1833 religionis
574 1747 764 1814 Christianae
788 1746 971 1813 diuinitatem
1001 1732 1166 1830 probaret,
1197 1742 1248 1816 ar·

247 1871 388 1943 gumenta
414 1856 452 1921 ab
472 1839 538 1940 ejus
563 1853 681 1921 interni
703 1856 903 1936 praestantia,
929 1853 1094 1923 doctrinam
1128 1855 1247 1924 Chri·

248 1967 303 2032 sti
336 1965 598 2046 contemplativam
632 1963 672 2030 ab
707 1965 773 2048 eius
800 1982 887 2046 parte
912 1962 1031 2043 actiui,
1059 1978 1151 2044 atque
1168 1964 1247 2030 hanc

206 2078 209 2083 '
246 2090 354 2137 narsus
386 2068 424 2135 ab
462 2070 622 2151 utriusque
654 2071 747 2152 partis
791 2069 823 2137 vi
858 2071 891 2135 in
931 2068 1090 2135 hominum
1129 2069 1248 2136 animos

248 2177 370 2244 sarasan
397 2174 556 2260 diligenter
579 2152 739 2240 usensis(
763 2176 925 2251 suerum,
959 2170 1046 2250 quoa
1066 2158 1268 2261 aumaavu·'

251 2286 373 2347 tendum
405 2297 475 2359 est,
502 2283 536 2346 in
571 2281 746 2346 continuata
779 2282 906 2360 quadam
929 2277 1076 2366 ,cernitur
1108 2297 1251 2365 progres-
1309 2294 1313 2303 ·

251 2388 357 2466 sione,
387 2387 449 2466 qua
476 2379 551 2449 fecit
582 2384 857 2468 Lactantius,
889 2402 924 2455 ut
959 2387 1120 2468 sequentia
1151 2387 1251 2456 couti·
1311 2420 1319 2433 κ

251 2511 316 2559 nuo
346 2492 385 2558 ad
407 2485 627 2576 praecedentia
667 2493 890 2561 corroboranda
925 2494 1115 2561 inservirent.
1165 2492 1250 2563 Tota

127 2626 134 2639 ·
249 2601 328 2683 enim
364 2599 427 2665 huc
459 2596 536 2663 redit
568 2598 753 2680 disputatio:
795 2646 817 2682 „
837 2600 921 2686 vulgi
953 2602 1113 2689 religiones
1157 2620 1249 2672 sanae

251 2748 274 2788 „
293 2704 402 2771 rationi
430 2717 622 2786 repugnant,
653 2717 684 2769 et
709 2703 764 2797 uni
789 2706 946 2789 geniorum
976 2709 1124 2779 malorum
1149 2709 1249 2787 fraudi

251 2857 274 2896 „
292 2812 453 2879 debentur.
495 2809 608 2887 Neque
630 2808 815 2891 philosophi
847 2812 1038 2894 docueruut,
1076 2806 1160 2894 quod
1190 2817 1251 2883 ho·

252 2962 274 3000 „
294 2918 373 2982 mine
408 2914 535 2998 sapienti
559 2914 684 2999 dignum
721 2917 773 2983 sit.
823 2915 1027 2986 Christus
1061 2938 1135 2989 vero
1171 2921 1249 2989 divi·

252 3070 273 3108 „
294 3043 353 3092 nus
377 3023 528 3110 religionis
562 3024 671 3090 doctor
696 3023 833 3106 exstitit,
856 3024 912 3123 qui
936 3040 1101 3097 sectatores
1119 3046 1195 3097 suos
1213 3044 1247 3100 et

246 3169 273 3215 J„
293 3153 379 3201 verae
409 3132 570 3215 sapientiae
595 3131 779 3213 participes,
807 3144 838 3195 et
862 3134 996 3202 sincerae
1024 3134 1147 3204 virtutis
1180 3152 1248 3207 stu·
1287 3160 1290 3165 ’

193 3237 198 3247 ’
243 3283 273 3319 ,,,
293 3224 398 3305 diosus
436 3238 591 3301 redderet:
613 3253 678 3311 quo
705 3234 737 3297 in
755 3234 858 3298 studio
881 3238 957 3299 nihil
980 3252 1047 3317 est,
1074 3242 1159 3320 quod
1175 3244 1247 3323 quis

208 3342 212 3353 ‘
243 3385 275 3423 ,„
296 3341 443 3436 miretur,
473 3336 527 3421 qui
550 3335 741 3405 Christianae
767 3332 888 3408 morum
914 3340 1086 3441 disciplinae
1109 3358 1247 3425 naamam

253 3463 327 3532 „et
356 3446 487 3513 indolem
518 3445 596 3511 bene
629 3446 829 3529 perspexerit.
879 3447 991 3533 Neque
1025 3452 1099 3520 haec
1137 3450 1244 3541 religio

250 3595 274 3634 „
294 3554 431 3638 homines
455 3553 494 3619 ad
518 3553 659 3620 virtutem
683 3568 799 3620 tantum
823 3558 988 3640 perduxit,
1008 3559 1064 3625 sed
1085 3579 1138 3627 eos
1154 3564 1243 3630 etiam

253 3658 332 3737 „ad
357 3679 443 3744 spem
477 3672 614 3728 aeternae
645 3661 792 3729 beatitatis
818 3663 924 3734 erexit.
934 3664 956 3696 '’
996 3667 1040 3734 lta
1075 3667 1247 3736 Lactan-

247 3764 359 3850 tius,
392 3780 482 3850 quem
500 3780 610 3836 tamen
642 3783 798 3853 tantopere
828 3788 893 3838 non
921 3774 1101 3858 nummu,
1133 3789 1170 3844 ut
1195 3776 1254 3856 iar

1188 3898 1244 3952 'te-

238 4070 246 4083 »
296 4033 584 4113 ,(r)-Bxcipiendus
606 4058 695 4104 tamen
714 4061 757 4105 est
785 4049 994 4120 Arnobiurq
1017 4052 1067 4109 aad
1092 4053 1141 4112 lrlc
1168 4056 1245 4116 alind

248 4135 300 4190 ribi
324 4138 417 4192 voleus
447 4154 527 4208 quam
550 4134 788 4211 Lactantius,
822 4163 932 4205 caussae
964 4164 1033 4216 suae,
1064 4149 1243 4213 delmuoaear

249 4230 462 4293 dissentientium
494 4236 650 4295 refutationi
678 4243 842 4313 praeposuit.
895 4299 898 4305 .
