3126 5356
658 421 890 488 ,-18-

296 606 406 680 duam
429 604 560 690 denique
585 598 758 691 opinionem
788 600 821 666 in
842 599 974 669 medium
1008 597 1126 689 profert
1155 604 1193 670 de
1216 605 1307 698 ratio·

313 732 376 801 ne,
406 717 469 803 qui
493 711 572 799 genii
594 711 765 791 coelestes,
802 725 871 774 cum
894 727 914 775 a
940 710 1008 781 Deo
1029 711 1068 777 ad
1100 710 1222 776 tutelam
1257 731 1309 815 ge·

312 825 396 894 neris
421 818 545 891 humani
563 817 646 885 missi
664 831 787 898 essent,
807 815 940 882 Diaboli
966 816 1116 883 satellites
1132 813 1205 883 facti
1224 817 1307 898 sint,

313 924 560 1008 hominibusque,
577 937 717 988 auctores
742 921 909 988 exstiterint
936 922 1040 1003 plures
1065 923 1184 991 colendi
1208 925 1308 993 Deos.

314 1036 405 1123 Quae
425 1033 525 1099 adhuc
554 1027 737 1114 disputavit,
769 1047 839 1095 eum
868 1028 985 1099 ducunt
1012 1029 1050 1095 ad
1083 1033 1309 1103 conclusionem

313 1141 480 1209 taciendam
505 1139 603 1221 (1),
636 1136 796 1220 religiones
828 1134 940 1219 tripiici
972 1138 1097 1204 nomine
1121 1157 1214 1205 vanas
1244 1160 1311 1207 esse

312 1264 347 1321 ct
369 1245 499 1331 impias,
529 1248 579 1315 vel
603 1247 688 1330 quod
710 1248 851 1312 homines
874 1244 1009 1330 fuerint,
1037 1265 1168 1330 quorum
1197 1266 1314 1313 memo·

311 1357 358 1424 ria
385 1368 458 1438 post
483 1367 614 1421 mortem
644 1365 816 1417 consecratu
840 1351 901 1432 sit,
938 1354 988 1418 vel
1015 1346 1100 1435 quod
1127 1371 1192 1420 non
1218 1374 1312 1437 opor·

312 1452 377 1541 t'tat
399 1460 574 1544 hominem,
605 1459 763 1528 simulacra
781 1457 897 1526 diuino
900 1462 1068 1557 prosequi
1096 1461 1232 1544 honore,
1263 1464 1311 1529 uei
1401 1464 1406 1477 “

314 1570 402 1653 quod
426 1571 561 1656 spiritus
587 1569 710 1654 impuri
729 1581 760 1635 et
783 1543 973 1634 condemnati
996 1586 1014 1634 a
1039 1567 1108 1636 Deo
1126 1590 1228 1688 earum
1246 1570 1314 1639 iue-

316 1678 379 1743 rint
404 1691 556 1745 auctores.
608 1686 614 1741 1

318 1782 395 1846 In
415 1781 506 1846 tertio
528 1782 629 1859 libro,
657 1781 697 1845 de
716 1780 777 1862 fa
773 1782 814 1846 sd
837 1779 1027 1867 saplenti!
1018 1781 1188 1865 inscripto,
1209 1797 1314 1848 osten·
1344 1856 1351 1869 ι

158 1857 163 1883 ¹
233 1946 237 1958 .
313 1890 388 1959 dete
421 1899 549 1954 conatur
584 1884 839 1968 philosophorum
882 1886 1044 1954 sententias
1084 1888 1200 1955 stultas
1232 1907 1313 1963 esse.

315 1997 389 2073 Hoc
412 1993 508 2079 igitur
531 1994 796 2074 commonstrato,
814 1993 1041 2076 philosophiam
1057 1995 1095 2062 ab
1113 1998 1180 2077 ipsi
1195 1993 1316 2061 differre

316 2100 487 2186 sapientia,
507 2114 539 2165 et
566 2099 612 2167 uti
638 2097 793 2171 derebus
823 2098 1061 2184 intelligibilibus
1089 2102 1164 2167 nihil
1190 2103 1315 2169 rationis

198 2276 201 2282 ,
315 2209 465 2275 humanae
488 2224 552 2290 ope
577 2204 648 2272 seiri
671 2204 795 2301 possit,
827 2207 871 2273 sic
894 2225 1015 2274 omnem
1043 2210 1081 2276 de
1105 2210 1142 2277 iis
1166 2210 1316 2291 opinatio·

314 2326 387 2381 nem
414 2330 520 2380 mnam
546 2330 640 2393 esse,
671 2326 703 2378 et
729 2304 986 2398 philosophorum
1014 2316 1082 2384 lites
1100 2330 1130 2382 et
1151 2317 1317 2384 discordias

315 2420 412 2504 ipsam
446 2417 659 2502 philosophiae
685 2436 824 2487 caussam
849 2424 1019 2504 evertere,'
1043 2444 1061 2492 a
1085 2425 1243 2512 physica,
1281 2441 1318 2491 ut

243 2544 248 2552 ·
314 2526 384 2607 ipse
409 2526 476 2602 ait,
502 2526 542 2587 ad
564 2524 708 2587 moralem
735 2528 956 2606 transgreditur
980 2527 1190 2607 disciplinam,
1225 2544 1255 2594 et
1277 2530 1316 2592 ad

246 2694 248 2703 ,
274 2647 277 2657 ’
315 2633 421 2701 locum
447 2627 569 2711 quidem
591 2624 818 2721 celeberrimum
841 2627 880 2691 de
905 2628 1134 2710 summobono,
1156 2631 1245 2714 cujus
1262 2650 1316 2698 na·

299 2730 446 2818 ¹turam,
466 2732 558 2801 variis
582 2729 837 2814 philosophorum
864 2733 1020 2801 sententiis
1045 2739 1191 2819 expositis
1213 2756 1243 2805 et
1270 2760 1318 2817 re·

317 2845 449 2926 lutatis,
483 2841 525 2908 ita
559 2839 731 2921 definivit,f
750 2853 786 2907 ut
807 2841 883 2908 illud
911 2842 1011 2910 onium
1036 2860 1153 2913 tantum
1187 2847 1317 2925 hominis

317 2952 433 3018 timute
471 2938 504 3013 et
541 2947 667 3013 scientii
702 2945 829 3028 praediti
864 2951 1039 3033 contingere
1067 2970 1160 3033 posse
1194 2957 1316 3024 diceret.

315 3055 417 3129 ,ch
437 3070 511 3120 veto
536 3050 568 3116 id
601 3050 683 3134 agit,
706 3067 741 3116 ut
757 3050 921 3118 lectoribus
938 3054 1004 3121 suis
1018 3060 1214 3141 persuadeat,
1235 3083 1319 3127 sum·

319 3179 407 3233 mum
431 3158 508 3225 illud
536 3156 653 3224 bonum
689 3156 722 3221 in
750 3155 841 3223 animi
865 3156 1104 3246 immortalitate,
1142 3167 1165 3230 i.
1191 3187 1221 3230 e.
1249 3169 1319 3232 bea·

317 3268 410 3335 ritate
439 3280 513 3349 post
547 3277 676 3331 mortem
705 3262 841 3347 positum
876 3283 957 3335 esse.
998 3271 1167 3355 Disciplini
1194 3291 1320 3358 autern,

317 3392 404 3455 quae
428 3373 551 3457 Logica
578 3371 715 3448 dicitur,
745 3371 882 3449 omissa,
894 3374 1057 3459 laudibus
1081 3399 1114 3443 se
1144 3382 1276 3462 opponit
1299 3388 1346 3461 as

325 3478 549 3558 Cicerone,
574 3460 701 3556 aliisque
727 3442 939 3555 philosophiae
955 3478 1088 3547 tributis.
1118 3478 1229 3567 Neque
1248 3464 1322 3553 con·

215 3649 223 3660 ,
321 3597 430 3652 tentus
455 3599 504 3650 est
529 3583 585 3648 hac
607 3582 748 3649 univmsd
769 3580 980 3666 philosophiae
1007 3586 1247 3674 vituperatione,
1268 3595 1328 3660 sed‘

321 3691 519 3779 singulorum
549 3707 676 3773 quoque
706 3690 962 3802 philosophorum
986 3712 1106 3764 errores
1136 3699 1323 3768 demonstra·

319 3842 322 3848 ·
380 3838 382 3841 ’
1256 3821 1322 3875 tum

383 3923 458 4005 (t)
473 3921 611 3988 utut.
633 3899 683 3985 11}
702 3945 731 3986 c.
762 3940 808 4002 17.
841 3932 916 4004 quod
945 3934 1050 3992 censeri
1077 3949 1167 4008 potest
1194 3952 1324 3997 summam

326 4018 417 4084 ierom
445 4025 592 4094 exhibere,
620 4043 688 4098 quat
711 4030 833 4086 continet
854 4032 899 4087 vel
922 4032 992 4090 iiber
1022 4036 1174 4104 secundus,
1208 4039 1251 4094 vel
1273 4033 1325 4089 nai

317 4133 391 4177 cum
412 4137 445 4176 eo
475 4123 544 4180 liber
564 4124 688 4192 primos,
719 4141 835 4196 quorum
859 4141 947 4188 umen
978 4132 1033 4190 boc
1053 4133 1095 4193 illi
1125 4128 1325 4207 praeterendum

217 4230 220 4237 ¹
267 4220 270 4224 ’
328 4214 445 4273 videtur.
467 4222 506 4277 ct.
529 4220 638 4290 uptam.
658 4234 687 4278 e·
705 4233 752 4288 ιο.
