3092 5350
653 388 693 418 a·
718 374 775 433 mr
798 400 841 465 ·.·

248 564 317 621 sum
344 544 430 634 erse,
454 560 523 619 tau
547 548 582 618 u
606 519 749 618 hommes
771 549 927 623 luuram
949 549 1040 622 raam
1067 530 1127 640 ipsi
1156 550 1269 627 hato*

218 732 222 737 ,
249 675 336 742 rent,
363 674 429 727 tum
457 671 492 726 ut
524 652 921 741 perseverantiae‘oumuus
944 672 1086 745 tanquam
1111 666 1173 735 dux
1200 674 1263 735 ει·
1368 736 1373 747 ,

250 782 319 849 set,
353 780 418 835 tum
452 765 604 848 denique,
638 778 674 834 ut
701 765 904 851 significaret,
939 770 1087 850 quaenam
1111 773 1151 840 ab
1179 768 1269 859 ipso'

250 879 449 963 exspectanda
470 892 573 945 essent
590 875 677 961 (1).
719 878 834 945 Docuit
861 896 1007 962 querque,¹
1028 880 1114 963 puta
1138 873 1270 951 vellent?

254 972 439 1065 Christiani,
469 983 523 1050 ubi
549 981 712 1061 dicebant,'
736 983 821 1062 quod
851 985 956 1052 multis
983 981 1144 1056 offensioni
1168 1002 1271 1072 erat,‘

253 1096 284 1158 εἰ
320 1094 420 1159 Deum
454 1094 524 1156 ‘esse
554 1105 672 1169 unum,
705 1099 736 1152 et
762 1086 1109 1187 Christumjdiaino
1137 1097 1270 1161 honore'
1354 1158 1361 1173 ,

253 1200 414 1267 colendum
440 1214 508 1262 esse
536 1195 619 1274 (ai.
663 1192 812 1278 Quamvis
838 1198 948 1261 autem
962 1210 1072 1264 auctor
1089 1202 1180 1283 genio
1198 1194 1269 1270 suu

89 1330 92 1341 ι
193 1354 195 1357 .
252 1320 475 1385 nonnunquam
497 1300 732 1384 imprudentius
749 1302 893 1386 indulsit,
918 1302 1063 1388 pleraque
1085 1320 1185 1376 tamen
1209 1328 1260 1376 re*

253 1426 304 1477 cte
319 1430 352 1476 se
368 1409 494 1476 habent.
537 1408 598 1494 Sed
621 1406 788 1476 mirandum
808 1423 876 1493 est,
900 1410 1166 1482 Lactantium
1187 1435 1260 1482 cum

256 1518 321 1583 aliis
347 1517 468 1584 silentio
490 1517 679 1601 praeteriisse
701 1533 936 1602 argumentum,
959 1520 1045 1603 quod
1069 1540 1107 1588 cx
1131 1524 1263 1591 candore

257 1641 291 1690 ct
322 1624 512 1709 simplicitate
542 1624 644 1710 Jesu
679 1624 717 1691 ad
743 1624 885 1691 fidem
859 1645 925 1713 ejus
951 1626 1203 1698 confirmandam
1213 1630 1264 1765 hia
1285 1666 1298 1725 χ

258 1732 372 1843 nostris
401 1731 591 1816 temporibus
617 1732 680 1842 peti
704 1733 813 1800 soleat.

266 1828 401 1909 Porro
428 1836 647 1925 praestantiam
672 1844 776 1908 suam
787 1839 945 1925 religioni
963 1842 1157 1913 Christianae
1189 1842 1263 1913 La·

229 2000 232 2005 <
260 1950 453 2045 etantius
468 1949 618 2048 uindicare
639 1948 756 2026 studet,
777 1946 1027 2030 demonstrando,
1044 1963 1264 2037 praestantem

260 2076 324 2122 rasa
344 2057 510 2123 doctrinae
530 2056 597 2136 eujs
612 2067 769 2118 naturam
792 2065 825 2119 tt
845 2052 990 2120 indolem.
1030 2053 1184 2123 Videlicet
1201 2058 1264 2124 Dc·
1295 2067 1306 2095 ·'

260 2178 316 2229 utu
339 2165 393 2226 hle
425 2161 559 2244 proponi
583 2179 701 2241 unum,
740 2162 841 2226 omnia
865 2179 903 2227 ex
924 2159 1023 2229 nihilo
1049 2158 1148 2259 facta²
1179 2160 1262 2249 getii·
1376 2146 1399 2176 ⁷

173 2260 175 2265 ’
264 2286 301 2334 os
327 2267 430 2336 bunos
454 2283 485 2360 ct
507 2270 625 2351 malos,
654 2268 752 2336 lilium
775 2267 835 2335 Dei
865 2268 1009 2338 omnihus
1029 2273 1146 2341 naturis
1168 2272 1262 2356 supc-

264 2376 394 2458 riorem,
422 2375 563 2445 homines
583 2393 656 2461 post
682 2376 813 2445 mortem
841 2379 1044 2471 superstites,
1069 2394 1107 2448 ιιι
1128 2380 1262 2464 praemia

236 2570 239 2577 .
264 2483 412 2567 accipiant
433 2486 556 2554 virtutis
581 2501 613 2553 et
637 2486 785 2556 scelerum
812 2506 949 2571 poenas,
983 2490 1092 2577 Deum¹
1109 2490 1175 2556 mio
1199 2486 1281 2565 coli,

263 2590 384 2676 pietatis
404 2606 438 2659 ct
457 2593 581 2662 virtutis
603 2593 731 2675 studio,
756 2593 896 2661 homines
919 2612 955 2662 se
982 2609 1113 2677 mutuo,
1144 2595 1264 2680 quippe

267 2700 464 2782 eiusdemque
479 2698 608 2762 familiae
621 2701 866 2785 sociosgamore
884 2701 1047 2779 complecti
1066 2701 1197 2784 debere,
1216 2699 1264 2769 uf*

237 2852 239 2855 -
267 2803 417 2870 sectiones
445 2802 730 2886 animi‘regendas3
755 2800 893 2885 corporis
917 2803 1092 2887 voluptates
1117 2792 1264 2889 repellcn·

165 2957 169 2965 .
269 2912 323 2996 alas
349 2929 428 2978 esse.
471 2911 561 2999 Quae
588 2908 710 2994 singula
742 2928 814 2977 cum
841 2926 935 2991 supra
960 2930 977 2977 a
1005 2911 1098 2980 nobis
1127 2915 1265 2998 exposita
1292 2920 1302 2934 ‘

271 3018 352 3102 aiut,
380 3036 463 3087 nunc
488 3018 628 3099 exemplo
652 3031 890 3082 commonstrare
908 3014 1013 3096 lubet,
1034 3022 1191 3102 quomodo
1212 3041 1266 3089 au·

271 3142 342 3195 ctor
359 3105 516 3212 negotium
546 3123 694 3206 peregerit
720 3121 893 3205 probandi,
921 3122 972 3187 illa
997 3143 1067 3191 vera
1082 3141 1176 3193 esse.
1217 3128 1266 3194 Ut

273 3237 366 3319 igitur
388 3232 552 3300 lectoribus
571 3231 769 3315 persuadeat,
791 3246 887 3312 aeque
904 3232 1057 3315 materiem
1080 3232 1268 3301 acfor'mam
1311 3237 1319 3251 '

217 3354 220 3361 ·
275 3359 376 3409 rerum
405 3336 518 3410 aDeo
540 3338 709 3424 profectam
738 3334 806 3437 esse
829 3339 848 3424 (
858 3336 1105 3422 3),‘primum,
1135 3336 1271 3427 poetam·

276 3450 333 3533 qui
351 3450 452 3519 Deum
474 3446 571 3532 nihil,
599 3447 658 3515 nisi
678 3467 715 3515 cx
728 3425 881 3530 materia,
911 3442 1028 3513 efficere
1048 3463 1144 3530 posse
1167 3444 1269 3515 crede·

160 3641 165 3648 Π
275 3572 365 3642 rent,
399 3559 570 3628 etidcirco
603 3560 697 3627 chaos
732 3558 764 3625 in
772 3537 956 3684 principio
989 3555 1109 3661 fuisse,
1142 3572 1178 3625 tu
1215 3555 1281 3623 iter·

270 3686 392 3768 enasse
435 3683 559 3753 monet,
595 3667 713 3741 fabulas
748 3687 831 3737 nunc
856 3667 1020 3753 rejiciens,
1057 3644 1173 3750 cluibus
1200 3662 1271 3732 alibi

275 3756 422 3867 tanquam
440 3799 478 3849 er
497 3777 539 3846 L.
565 3776 602 3847 S.
625 3797 682 3865 per
697 3780 887 3849 traditionem
916 3775 1047 3861 acceptis
1070 3778 1110 3844 ad
1134 3766 1287 3845 cannam

1221 3878 1274 3954 su·

275 4072 291 4084 .,
331 4015 537 4099 (diali.
558 4032 608 4093 ιγ,
636 3990 692 4086 au.
717 4021 823 4087 ami.
845 4015 980 4083 Arnai.
998 4013 1024 4079 i.
1045 4019 1083 4086 6.
1103 4016 1197 4090 treis

331 4119 399 4193 (a)
425 4115 603 4187 1..1V.op.
625 4115 698 4187 Epic.
721 4132 737 4173 c
759 4126 809 4189 49.

329 4218 399 4291 (3)
428 4212 466 4274 n.
487 4215 526 4271 11.
548 4209 579 4273 9.
