3126 5356
717 309 905 372 '‘n-6·-

344 483 547 555 Christianam
574 484 745 555 defenderet
775 499 806 554 et
839 486 949 556 exteris
981 486 1329 567 hominibuscommen·
1399 524 1401 527 v

344 595 440 662 daret.
495 592 593 679 Quam
617 612 687 661 curn
713 611 776 660 rem
805 611 872 661 esse
897 607 1041 678 constet,
1076 615 1167 665 unam
1194 600 1330 691 omnium

218 708 222 715 '
346 698 548 784 gravissimam
575 699 669 787 (υς
690 714 871 780 magnopere
895 698 1074 768 laudandum
1095 716 1142 770 est
1167 702 1332 774 Lactan-

345 811 449 879 tiurn
476 806 665 895 professione
693 800 858 888 oratorii.
883 806 916 873 in
948 810 1009 891 qua
1043 802 1095 878 diu
1120 824 1256 880 versatus
1284 831 1332 881 es·

346 929 416 998 set,
442 915 508 982 aliis
531 912 656 994 relicti,
684 910 724 977 ad
748 909 979 1001 conscribendas
1003 911 1218 1001 institutiones
1238 916 1333 987 Diri·

348 1040 406 1086 nas
427 1019 559 1085 animum
581 1014 749 1101 appulisse.
786 1017 880 1104 Quod
898 1018 952 1086 ubi
978 1038 1048 1087 eum
1064 1038 1232 1091 narrantem
1250 1022 1334 1092 audi·

346 1146 440 1209 mres,
470 1141 576 1192 vocem
607 1122 696 1190 nobis
715 1123 831 1213 *audire
860 1124 998 1196 vioennn
1029 1118 1211 1211 Ciceronis,
1248 1131 1334 1213 qui,

347 1253 419 1302 cum
446 1232 655 1300 defensionum
677 1232 833 1302 laboribus
851 1233 1076 1319 senatoriisque
1090 1237 1265 1316 muneribus
1281 1253 1336 1306 aut

347 1342 494 1420 omnino,
527 1354 581 1408 aut
613 1342 722 1425 magni
753 1355 901 1423 exparte
939 1358 1020 1410 esset
1043 1344 1205 1427 liberatus,
1234 1346 1272 1412 ad
1299 1366 1336 1412 ea

347 1469 382 1516 se
411 1448 512 1515 retulit
534 1445 762 1541 rerumquae
793 1449 832 1514 ad
851 1449 974 1517 'rectam
998 1451 1119 1519 vivendi
1138 1455 1218 1521 ‘viam
1244 1453 1337 1536 perti·

212 1568 215 1573 ’
346 1570 454 1628 nerent
467 1556 555 1638 (s).
596 1552 750 1624 Novimus
766 1557 913 1642 quidem,
934 1544 1016 1627 haud
1031 1580 1146 1646 paucos
1164 1561 1334 1647 Religionis

318 1649 320 1652 Α
349 1663 540 1735 Christiane
557 1654 705 1729 'doctores
718 1664 788 1746 'iarn
808 1674 899 1732 antes
921 1658 1009 1734 'suam
1039 1668 1219 1750 diiigentim
1245 1668 1336 1753 hujus

346 1770 516 1856 Religionis
531 1767 711 1834 defensioni
739 1768 933 1852 adhibuisse,
963 1771 1019 1837 sed
1035 1790 1073 1839 ex
1099 1791 1138 1839 eo
1154 1787 1252 1839 nmen
1272 1791 1337 1840 non
1362 1841 1365 1849 ,

348 1879 457 1964 sequi,
480 1872 766 1960 Lactantiunr»,
799 1892 834 1946 ut
852 1879 885 1945 in
904 1879 1073 1963 proverbio
1093 1895 1163 1961 est,
1183 1876 1283 1947 oleum
1305 1893 1338 1946 et

264 2064 267 2073 Κ
349 2006 485 2075 operam·
501 1980 687 2069 perdidisse,
719 1972 879 2055 ostendere
904 1984 1097 2056 conabimur.

306 2101 309 2106 ’
393 2098 474 2162 Ante
502 2094 606 2163 omnia
631 2095 692 2161 hoc
717 2078 843 2181 intem'gi
872 2097 1036 2179 volumius,
1069 2112 1133 2165 non
1158 2114 1223 2163 eam
1241 2091 1337 2163 fuisse
1412 2151 1416 2159 .

351 2200 520 2284 temporis,
550 2202 636 2284 quod
660 2198 784 2270 vivebat
815 2199 1076 2285 Lactantius,
1104 2203 1271 2286 rationem,
1300 2215 1337 2269 ut

350 2305 487 2375 defensio
510 2320 540 2374 et
561 2305 791 2387 *commendatio
814 2305 983 2392 Religionis
999 2307 1187 2378 Christianae
1207 2329 1337 2394 usquam
1359 2374 1362 2385 ,

327 2501 331 2508 ¹
351 2433 570 2500 supervacanea
585 2429 676 2486 esset.
699 2415 801 2501 Hujus
817 2416 930 2499 negotii
946 2416 1060 2483 scilicet
1074 2417 1238 2483 necessitas
1248 2417 1338 2483 maxi·

351 2541 402 2588 me
426 2535 491 2586 orta
517 2534 564 2585 est
584 2537 621 2582 ex
646 2518 740 2598 odio,
760 2518 872 2597 quoin
896 2518 1063 2582 Christi
1084 2518 1339 2588 sectatoresfere·

353 2625 488 2708 bantur,
515 2636 579 2689 tum
596 2618 722 2706 Judeei,
744 2618 798 2701 qui
816 2616 964 2701 optimum
983 2618 1099 2702 generis
1124 2621 1247 2692 humaui
1267 2625 1337 2693 Ser·

353 2746 492 2801 satorem
513 2720 739 2812 impietatis'in'
758 2720 907 2795 Mosen
921 2725 1112 2797 'commissae
1136 2727 1338 2810 accusabant,

352 2855 419 2909 tum
449 2840 588 2911 homines
607 2828 739 2916 exteri.
771 2834 846 2916 qul,
875 2850 919 2900 ne·
943 2834 1077 2901 Deorum
1111 2822 1216 2920 religio
1246 2837 1339 2904 detri-

348 2947 449 3033 menti
478 2945 552 3035 quid
573 2955 710 3026 caperet,
738 2940 839 3035 uidere
856 2939 1029 3011 studebant.
1066 2940 1134 3023 llli,
1166 2958 1202 3011 ut
1227 2943 1340 3013 Chri·

355 3052 411 3118 sti
432 3049 633 3134 antiquissimi
648 3048 772 3118 fuerunt
788 3046 969 3129 adversarii,
990 3047 1044 3131 qui
1063 3047 1150 3114 etiam
1169 3062 1242 3131 post
1268 3049 1339 3116 Ve·

355 3179 372 3226 s
380 3158 541 3243 pasiani
575 3174 732 3242 tempora,
751 3172 828 3226 cunr
845 3155 942 3240 patria
964 3154 1068 3238 pulsi,
1092 3174 1207 3239 perque
1230 3164 1340 3223 omnes

355 3277 451 3369 tenes
468 3263 746 3351 dispersissent,
766 3261 1076 3345 Romanos-aliisque
1086 3276 1205 3347 *gentes
1224 3259 1257 3328 in
1273 3260 1340 3348 'ejus

1273 3389 1339 3435 seo

414 3534 556 3611 (1).Ci.
583 3538 649 3595 last.
670 3535 735 3593 Dis.
764 3527 790 3591 l.
815 3548 842 3595 1.
860 3551 889 3606 p.
910 3543 947 3604 t,
973 3550 1000 3592 a.
1029 3534 1100 3593 edit.-
1126 3531 1345 3619 unicorne.
1428 3540 1432 3548 '

354 3625 467 3702 tentiam
486 3650 558 3709 quse
576 3634 623 3694 hle
645 3633 763 3705 legitur,
786 3647 822 3693 ax
844 3631 1049 3691 Ciceronis
1070 3633 1100 3687 dc
1120 3635 1251 3706 republica
1268 3652 1344 3696 exora

355 3740 403 3798 dio
429 3747 544 3794 sumtum
570 3747 648 3804 esst,
677 3733 828 3804 suspicatus
858 3743 901 3786 cst
924 3730 970 3787 lll.
1000 3729 1120 3800 Msjn'a
1149 3730 1185 3788 ad
1211 3720 1282 3791 hune
1310 3735 1344 3790 li·

353 3837 434 3893 hrum
457 3849 486 3905 p.
507 3824 648 3890 nil-'nn‘
667 3826 755 3897 Statg.
774 3836 801 3881 tt
820 3817 996 3893 mirngs'scd
1018 3825 1131 3894 nescio,
1151 3841 1186 3884 en
1208 3845 1239 3887 es
1262 3823 1346 3900 hujus

334 3977 336 3981 «
354 3930 462 3992 exordii
486 3938 640 4001 argumento
652 3924 1014 4003 non'omnlho'cunvcnlat.
1332 3954 1336 3957 -

413 4022 476 4099 (s)
503 4026 569 4085 vid.
590 4025 647 4084 Cic.
661 4022 730 4082 ruse.
743 4023 891 4098 Quota-1.
908 4035 936 4083 r.
950 4022 985 4079 ‘da
998 4034 1057 4081 aar.
1067 4016 1147 4085 Deir.
1159 4021 1184 4079 1.
1203 4010 1231 4097 ’4.
1266 4010 1346 4072 Hunc

357 4127 449 4198 ipsum
468 4114 621 4202 slmihcsre
640 4119 749 4183 uhtu
771 4123 875 4184 hsce.
895 4123 920 4183 l.
938 4137 965 4179 n
985 4133 1068 4192 mr.
